3984 5159
383 594 461 656 an
521 566 560 648 P
605 569 631 648 S
681 568 718 646 A
765 565 798 645 L
845 567 903 650 M.
965 569 1176 658 cxxxfl:
1198 587 1330 688 16‚17.
1362 613 1452 700 447

220 733 227 742 ’
270 781 341 842 -na
360 753 557 836 miserrima
576 752 670 832 'iolet
691 751 762 830 eise
784 752 966 844 conditio,
986 758 1274 858 abuudantiffinae
1294 767 1449 854 habituri

283 861 373 948 sant,
400 857 496 932 unde
513 855 557 928 ad
574 854 772 930 uarietatem
790 875 902 948 usque
918 852 1036 942 edant.
1088 856 1259 940 Ceterum
1272 873 1370 961 panis
1385 892 1449 952 no..

282 960 379 1036 mine
399 955 534 1051 quaevis
555 953 725 1032 alimenta
748 951 895 1039 venire,
925 952 980 1024 uti
1003 951 1040 1028 in
1055 959 1219 1034 oratione
1235 961 1448 1060 Dominica,

73 1102 74 1105 a
201 1119 208 1122 ,
282 1056 491 1135 traiatttium
514 1049 577 1126 est.
612 1067 666 1126 tr.
694 1049 859 1150 Denique
883 1048 1080 1140 indicatur,
1107 1057 1224 1132 cultus
1246 1056 1331 1134 sacri
1351 1085 1450 1151 exer·
1549 1065 1553 1072 '

273 1157 410 1231 uitium
424 1155 472 1225 ibt
488 1148 570 1224 furt
588 1169 636 1224 ex
650 1163 763 1237 voto,
788 1144 880 1222 vers.
901 1150 954 1222 16.
976 1145 1029 1223 Et
1033 1146 1218 1247 sacerdotes
1231 1159 1301 1250 ejus
1314 1165 1450 1248 induam

283 1253 353 1331 &o
370 1253 410 1325 h.
435 1271 468 1322 e.
494 1246 644 1336 faciam,
661 1263 711 1328 ut
731 1244 932 1320 sacerdotes
952 1266 1063 1322 omne
1084 1269 1196 1347 genus
1220 1253 1324 1330 bonis
1340 1257 1450 1335 abun·

283 1349 392 1433 dent,
419 1344 454 1416 ἃ
475 1345 630 1420 externis
651 1341 902 1427 demonstrabo
915 1340 1038 1441 tignis,
1063 1368 1188 1430 eorum
1204 1347 1369 1428 sacrificia
1382 1357 1448 1430 mi-

282 1446 321 1522 hi
345 1442 415 1518 eise
437 1459 556 1538 gratur
590 1441 663 1520 five
689 1442 734 1516 ad
758 1437 994 1519 remiffionem
1019 1463 1275 1538 peccatorum,
1308 1450 1380 1524 five
1405 1453 1449 1532 ad

285 1544 355 1619 ulia
381 1542 477 1615 bonu
508 1538 730 1634 impetranda
753 1537 936 1628 offerant;
970 1560 1036 1616 eos
1059 1557 1230 1622 votorum
1257 1563 1448 1643 compotes

284 1639 455 1723 r‘eddamt¹
464 1641 517 1732 pii
524 1677 538 1726 9
552 1634 614 1718 seu
628 1632 824 1722 laturo&
839 1638 876 1712 in
890 1657 1023 1734 genere
1039 1641 1173 1734 quaevis
1189 1641 1348 1735 personae
1363 1647 1447 1726 ueo

283 1737 411 1825 iacrae,
444 1735 521 1809 iata
545 1733 681 1827 semper
701 1735 865 1810 accinaut
885 1740 1053 1823 muna,
1080 1760 1259 1832 nunquam
1279 1745 1447 1838 lugubria.

277 1834 376 2010 ἓξὲξ
399 1853 482 1947 cum
502 1831 551 1909 ad
571 1829 664 1921 veri
678 1854 714 1927 9.
741 1830 846 1928 supra
866 1831 1130 1930 fiat-expolita,
1157 1857 1199 1913 ea
1221 1837 1278 1912 hic
1293 1841 1444 1939 tetigiiie

297 1956 320 2009 u
350 1945 472 2005 ecerlt.

329 2033 363 2122 §.
377 2025 489 2102 XXX.
515 2025 711 2104 Veniamus
734 2027 855 2119 itaque
876 2025 922 2102 ad
930 2025 1134 2130 posteriorum
1149 2045 1267 2108 textus
1284 2047 1445 2127 partem,

284 2148 364 2224 quae
386 2124 672 2219 Hierosolymam
692 2128 742 2199 ob
764 2127 890 2199 oculos
902 2128 1026 2219 ponit,
1051 2145 1218 2224 tanquam
1233 2131 1392 2224 florentis
1409 2133 1444 2210 it

282 2222 450 2323 perpetui
475 2225 573 2319 regni
595 2225 632 2297 in
655 2222 766 2298 domo
789 2221 937 2297 Davidis
952 2224 1093 2314 sedenn
1120 2227 1209 2305 vers.
1228 2251 1284 2323 ιγ,
1304 2232 1358 2306 18.
1383 2231 1447 2322 uhi

268 2347 323 2494 ‘ii
343 2317 1444 2513 uuititiii‘iii’uissitiiti·1t·eiiii

1005 2468 1017 2505 ‚
1217 2476 1225 2495 .
1304 2478 1311 2490 .

282 2515 361 2592 luta
382 2513 575 2611 propofitio
594 2517 642 2592 ita
663 2517 783 2592 habet.
847 2512 901 2598 lu·
923 2513 1172 2612 exsplendescere
1186 2515 1317 2608 faciam
1342 2543 1444 2595 cornu

280 2611 439 2702 Dandi,
463 2611 602 2710 disposui
622 2619 788 2688 lucernam
803 2612 897 2687 uniiu
913 2635 981 2688 mro
1017 2614 1052 2686 h.
1068 2636 1101 2688 e.
1153 2613 1316 2712 Regnum
1332 2615 1443 2706 Davi·
1505 2677 1508 2682 .

281 2712 388 2786 disin
410 2711 540 2786 familia
555 2713 653 2805 ejus,
678 2734 725 2785 eo
739 2712 775 2785 in
790 2711 894 2798 loco,
916 2708 1136 2803 splendidum
1153 2713 1221 2788 erit
1238 2735 1439 2810 meatum,

282 2809 319 2883 ot
341 2809 628 2904 prosperrimum.
693 2808 784 2884 Duae
805 2825 1020 2896 occurrunt,
1053 2831 1132 2902 quae
1153 2831 1303 2908 regnum
1323 2814 1442 2909 expri-
1560 2809 1564 2818 ’

280 2925 408 2997 munt,
435 2909 572 3002 phrases
587 2905 860 2999 metaphoricae,
884 2906 995 2980 altera
1008 2929 1128 2996 nunu,
1141 2909 1251 2983 altera
1267 2915 1440 2986 lucernae:
1519 2983 1522 2986 .

259 3004 327 3078 ,de
350 3028 453 3078 cornu
475 3005 627 3093 dicitur,
653 3003 737 3077 iilud
762 3002 982 3098 splendidum
1005 3003 1187 3084 futurum.
1220 3007 1264 3080 de
1285 3013 1441 3098 lucerna,

274 3123 353 3177 earn
382 3125 405 3176 a
427 3101 511 3177 Deo'
528 3099 600 3177 effe
624 3101 848 3195 dispositam,
881 3117 1071 3197 utrumque
1094 3103 1246 3194 Davidi,
1270 3121 1310 3180 ut
1329 3103 1442 3182 unito

72 3178 75 3199 ⁸
188 3217 203 3239 ⁸
271 3199 369 3289 Dei,
398 3200 618 3296 adfignatur‚
657 3201 692 3272 δι
714 3199 969 3290 Hierosolyma
998 3218 1042 3274 ut
1069 3199 1139 3280 sedi
1163 3201 1196 3276 ἃ
1217 3202 1299 3275 loco
1314 3201 1441 3298 adliga-

269 3313 345 3377 tur.
406 3298 489 3371 Hoc
503 3294 603 3373 filum
617 3297 801 3392 sequamur
814 3298 851 3371 in
866 3297 1117 3392 expositionu·
1145 3331 1181 3376 a.
1203 3297 1347 3389 Duplex
1364 3319 1440 3396 reg·

270 3402 311 3478 ni
330 3395 551 3488 metaphora
565 3395 637 3467 sese
653 3397 711 3468 bic
724 3394 856 3479 offert,
881 3397 990 3469 altera
1004 3419 1023 3469 a
1037 3419 1157 3485 cornu,
1180 3397 1290 3470 altera
1304 3418 1323 3470 a
1336 3399 1442 3468 iuter·

235 3503 240 3510 ’
267 3521 314 3575 na
329 3495 466 3591 petitu.
532 3489 634 3564 Prior
649 3514 714 3565 nos
730 3493 828 3566 ducit
842 3490 886 3563 ad
899 3514 1021 3566 cunno
1034 3493 1287 3580 animantium,
1312 3494 1440 3587 quibua
1493 3567 1499 3590 x

248 3653 251 3658 .
269 3615 317 3670 ea
330 3595 484 3688 propria
498 3588 591 3666 sunt.
642 3587 713 3662 Etfi
728 3591 824 3663 enim
843 3588 918 3659 haec
933 3611 1007 3662 vox
1024 3588 1068 3661 de
1083 3591 1186 3662 radiis
1204 3587 1304 3674 solis,
1329 3592 1441 3686 iisque

268 3689 516 3789 splendidis&
532 3689 704 3774 cornicis,
729 3689 836 3762 etiarn
850 3683 1058 3779 usurpetur,
1082 3687 1234 3779 indeque
1246 3688 1294 3761 ad
1309 3692 1441 3778 quaevis

275 3789 415 3883 turusm
431 3786 683 3873 transferatur,
708 3806 753 3860 eo
774 3803 893 3860 tamen
908 3785 966 3861 hic
980 3784 1129 3881 digitum
1147 3807 1219 3860 non
1235 3805 1442 3882 autumave-

282 3892 347 3963 rirn
366 3884 531 3971 intendi,
555 3901 633 3960 tum
651 3883 747 3977 quod
770 3905 845 3959 vox
869 3911 916 3981 np
936 3907 1037 3958 cornu
1058 3897 1186 3961 notare
1208 3883 1336 3974 soleat,
1361 3901 1440 3962 turn

273 3987 380 4080 uund
409 4006 510 4056 cornu
532 3979 574 4054 fit
597 3979 847 4056 untattffimnm
869 3981 976 4078 regia
999 3980 1191 4074 Majestatis
1211 3981 1245 4055 δι
1268 3986 1441 4075 potentio

146 4081 150 4092 “
282 4086 485 4176 emblema,
507 4094 605 4158 utex
619 4079 796 4175 Daniele,
816 4079 854 4158 ἃ
867 4080 1008 4164 aliunde
1021 4081 1151 4166 nutum
1165 4079 1228 4162 est.
1275 4077 1444 4170 Cornua,

406 4257 409 4261 .
1359 4194 1443 4261 Cum
