3984 5159
582 635 652 734 lud
755 621 1585 721 colrnl'n‘ur'annus

587 820 686 894 tia&
702 817 904 912 majestate,
927 815 1105 892 clariffime
1131 815 1378 890 demonstratis
1401 816 1440 888 in
1454 809 1541 890 toto
1562 815 1758 903 univers03

588 917 699 1008 eaque
712 919 875 990 omnibus
890 915 1004 989 modis
1018 913 1233 1009 pollibilibus
1246 912 1428 999 facienda,
1438 933 1533 984 voce
1543 961 1555 1000 ,
1565 911 1768 998 saltatione,

590 1016 624 1086 dt
654 1016 791 1110 organis
813 1013 968 1098 musicis,
994 1012 1140 1102 quaehic
1156 1008 1403 1082 recensenturt
1428 1009 1577 1099 quando
1593 1027 1662 1100 per
1675 1031 1751 1082 mo·

592 1111 676 1184 dum
699 1109 931 1185 conclelionis
954 1105 1202 1190 adseveratur,
1222 1127 1302 1181 eam
1323 1105 1565 1181 laudationem
1573 1109 1690 1206 etiam
1703 1107 1749 1178 ab

589 1209 688 1280 omni
704 1205 900 1280 animaelle
914 1203 991 1278 adiu
1004 1201 1264 1276 instituendam.
1304 1241 1310 1250 ·
1340 1244 1345 1250 ·
1447 1235 1469 1249 ··
1595 1241 1607 1257 ι

638 1307 672 1391 §.
689 1303 729 1374 ll.
758 1302 847 1374 Cum
864 1319 1111 1396 argumentum
1125 1299 1164 1373 fit
1179 1300 1363 1395 generale,
1388 1299 1579 1374 &nullum
1593 1304 1745 1394 ιαιιριήι

588 1399 768 1490 criterium
785 1397 853 1469 sele
872 1397 1026 1494 offerat,
1046 1395 1218 1488 nifiquod
1229 1396 1454 1490 praelupponi
1468 1395 1660 1483 videatur,
1675 1397 1746 1467 lau·

585 1495 769 1568 ‘dationem
800 1493 870 1566 Dei
891 1493 934 1566 ad
958 1514 1082 1565 omnes
1106 1492 1287 1581 homines,
1320 1493 1390 1566 fine
1412 1492 1640 1576 discrimine,
1672 1489 1744 1564 sele

591 1591 806 1679 extendere,
845 1589 1009 1664 omnibus
1038 1589 1264 1677 incumbere,
1297 1591 1333 1662 dt
1355 1592 1399 1661 ab
1419 1590 1583 1662 omnibus
1598 1587 1740 1661 facien-

587 1687 670 1761 dam
687 1685 775 1772 elle,
791 1685 885 1778 redte
901 1685 1081 1769 statuitur,
1097 1685 1251 1771 eodem,
1275 1699 1347 1776 quo
1367 1684 1588 1777 superiores,
1601 1698 1741 1780 ternpore

591 1782 642 1854 Ps.
667 1781 736 1855 esse
763 1781 1015 1874 compulitum,
1048 1779 1278 1855 Maccabaico
1301 1781 1364 1854 illo
1383 1783 1464 1854 laeto
1487 1781 1521 1858 dt
1541 1779 1739 1872 prospero,

588 1877 710 1952 sedin
742 1877 805 1952 suo
834 1877 1097 1968 complemento
1126 1873 1188 1948 sub
1216 1878 1429 1950 oeconomia
1453 1875 1560 1948 Nova
1583 1877 1739 1949 conlide-
1887 1926 1888 1941 ι

588 1978 681 2049 rato,
730 1973 786 2048 Ex
810 1997 875 2067 qua
903 1969 1088 2064 hypothesr
1108 1971 1151 2042 de
1168 1971 1263 2065 stopo
1284 1971 1333 2045 Pl.
1351 1972 1578 2063 judicandum
1599 1971 1679 2059 est,
1704 1973 1739 2045 ἃ

588 2071 778 2160 explicatio
805 2069 1027 2144 instituenda.
1091 2068 1270 2140 Convenit
1298 2069 1393 2142 eninr
1425 2067 1662 2161 superioribus
1683 2067 1736 2144 Ps.

585 2163 858 2253 Hallelularicr'r,
874 2164 1081 2257 adeoqueei
1101 2166 1228 2247 etiam,
1242 2186 1320 2256 qua
1334 2163 1433 2256 supra
1446 2165 1605 2256 protuli,
1631 2167 1737 2258 adpli-

590 2260 700 2332 canda
721 2258 813 2332 sunt.
863 2259 984 2333 Dividi
1008 2260 1125 2352 potest
1146 2258 1196 2332 Ps.
1213 2260 1249 2331 in
1264 2279 1334 2332 tres
1351 2278 1488 2353 partes,
1514 2282 1582 2352 pro
1599 2263 1734 2355 triplice

611 2377 719 2430 enere
734 2369 994 2444 creaturarum,
1016 2379 1094 2447 qnae
1107 2355 1150 2430 ad
1166 2355 1285 2430 Deum
1298 2356 1510 2430 laudandum
1528 2358 1737 2432 excitandae.

626 2452 760 2546 irigitur
783 2453 898 2539 enim,
925 2467 962 2526 ut
985 2453 1166 2542 probabile
1190 2446 1262 2539 eli,
1287 2453 1507 2542 adhortarie,
1540 2469 1569 2527 ιι.
1585 2455 1629 2526 ad
1645 2459 1736 2530 rull·

588 2563 635 2620 res
652 2548 743 2624 vers.
763 2571 792 2622 1.
828 2550 862 2621 in
887 2550 1003 2640 priore
1025 2551 1196 2621 membro.
1228 2575 1257 2622 ι.
1275 2549 1318 2622 ad
1325 2545 1529 2640 firmamenti
1544 2567 1735 2641 contenta,

587 2644 677 2718 vers.
706 2667 735 2720 r.
775 2647 811 2718 in
836 2643 1031 2734 posteriore
1051 2645 1222 2721 membro.
1260 2671 1285 2719 ι.
1311 2646 1354 2718 ad
1374 2643 1539 2736 terrestres
1558 2663 1731 2720 creaturas

589 2743 794 2825 rationales,
822 2739 911 2813 vers.
936 2740 1056 2812 2-6.
1086 2759 1127 2813 ut
1146 2761 1189 2812 eit
1212 2741 1335 2814 ultimo
1354 2740 1475 2826 versu,
1502 2741 1537 2813 dt
1553 2743 1662 2816 modis
1673 2761 1730 2814 ce·

589 2839 814 2930 lebratlonis,
829 2838 920 2930 inter
936 2837 1097 2928 homines
1115 2851 1254 2912 tantum
1268 2839 1386 2912 locum
1406 2838 1635 2930 habentibus,
1658 2839 1730 2913 col·

588 2933 739 3030 liginu..
792 3002 831 3013 ..
884 3005 887 3010 ,
967 2939 968 2942 ’
1598 2955 1602 2960 ’

511 3140 1660 3336 exenterare.

589 3465 595 3476 ·
627 3426 744 3516 5:111.
799 3455 830 3501 ιι.
856 3426 958 3502 Pr'lrrr
978 3421 1198 3515 membrum,
1223 3430 1314 3502 veri.
1339 3449 1371 3503 t.
1400 3426 1443 3502 ad
1460 3429 1608 3506 coelites
1623 3429 1723 3528 perti·

587 3543 696 3610 nens,
722 3525 771 3596 ita
791 3524 907 3599 sonat:
931 3529 1064 3600 laudate
1082 3523 1192 3599 Deum
1206 3521 1332 3615 fortem
1351 3531 1388 3598 ln
1398 3525 1510 3620 sanilo
1531 3533 1622 3625 ejus,
1646 3529 1728 3602 ltili.

587 3621 715 3704 cen&
733 3621 770 3692 in
785 3619 978 3696 sanumrio
991 3625 1087 3712 ejus,
1113 3623 1146 3694 dr
1161 3621 1204 3692 de
1212 3620 1391 3713 funditate
1404 3625 1500 3716 ejus,
1524 3641 1587 3698 aut
1599 3628 1723 3718 sun’rnra

586 3716 622 3784 dt
644 3713 874 3791 sublimillima
896 3721 970 3809 ejus
989 3734 1112 3792 natura
1125 3715 1319 3810 puriffiina,
1343 3741 1410 3809 qua
1424 3721 1586 3795 omnibus
1604 3724 1726 3796 creans

585 3811 692 3902 longe
714 3809 769 3878 est
789 3813 967 3903 superior,
1002 3816 1101 3890 &ab
1124 3815 1224 3889 omni
1245 3815 1306 3888 vili
1326 3815 1516 3913 longiffime
1543 3815 1722 3909 sejundea

584 3903 710 4006 Trahit
734 3905 828 3980 enirn
849 3927 924 3982 vox
943 3934 1036 4019 mapa
1057 3917 1094 3985 in
1102 3906 1215 4004 suardo
1237 3912 1305 4006 ejus
1323 3912 1452 4004 aliquid
1477 3914 1521 3986 de
1540 3916 1721 4010 ambiguo,

583 4025 666 4077 curn
685 4002 726 4075 dr
742 4005 861 4092 lorus,
884 4005 942 4080 ubi
964 4009 1063 4082 Deus
1085 4006 1158 4098 est,
1183 4007 1329 4100 ejusque
1350 4008 1543 4084 laudatores
1565 4009 1665 4097 sunt,
1689 4017 1722 4087 dr

580 4107 716 4189 naaria
732 4121 772 4178 ac
795 4099 885 4176 tatio
907 4103 1148 4196 laudationis,
1164 4103 1313 4204 intelligi
1333 4101 1455 4200 pollit3
1475 4122 1514 4183 ut
1531 4105 1646 4275 senlilrs
1661 4108 1720 4276 1Ξὲ

580 4218 591 4262 ι
614 4254 624 4268 r
1032 4254 1047 4263 ..
1626 4227 1674 4278 au
