3984 5159
1016 510 1132 571 Ἢ,
1373 454 1752 556 οόΜ
1833 449 3032 550 ΜΕΝΤᾈΒῙυε

1030 690 1168 758 ne3
1234 664 1308 743 δι
1358 682 1453 748 ex
1503 682 1628 751 ea,
1674 659 1870 754 „quod
1911 658 2181 735 deiectat
2239 656 2425 753 ipsos
2458 707 2484 748 ‚
2541 658 2927 737 hauriunt:
2980 658 3095 735 sed
3139 660 3229 735 de
3275 683 3373 748 eo

1030 767 1264 844 verbo
1307 762 1509 858 plura
1548 758 1773 835 dicam
1814 757 1904 830 ad
1948 753 2052 829 Ps.
2100 776 2269 844 exn.
2324 779 2387 830 1.
2485 756 2703 857 Quod
2766 760 3078 832 restorum
3125 761 3196 834 δι
3229 766 3367 857 pio-

1028 886 1180 944 nem
1224 860 1326 937 est
1367 857 1764 958 genuinum
1808 853 2204 929 criterium.
2307 851 2537 954 Quart·
2583 876 2765 931 vero
2800 859 2887 932 ab
2920 856 3077 951 ipsss
3122 857 3369 935 dicun-

1032 978 1150 1050 tur
1194 980 1410 1053 opera
1458 956 1645 1043 Dei,
1695 954 1822 1028 ubi
1865 973 1950 1025 ea
1995 968 2287 1039 curant,
2338 954 2425 1026 ad
2457 952 2768 1029 animum
2809 968 3199 1044 revocant,
3253 978 3365 1031 ac·

1033 1074 1278 1142 curate
1324 1054 1749 1148 explorant,
1814 1050 1884 1123 δι
1937 1046 2243 1132 studiose
2300 1073 2443 1144 per-
2479 1052 2736 1149 lingula
2778 1069 3030 1128 euntes
3077 1052 3368 1129 investi-

1037 1177 1204 1256 gant
1231 1203 1257 1243 ,
1333 1152 1532 1227 sunu]
1583 1150 1730 1223 aliis
1786 1163 2215 1241 exponunt,
2288 1150 2357 1225 δι
2413 1167 2766 1223 enarrant.
2896 1149 3077 1251 Quae
3125 1154 3373 1227 omnia

1027 1254 1302 1330 ambitu
1366 1247 1571 1323 verbi
1632 1275 1751 1322 υνι
1794 1244 2300 1338 comprehensa
2343 1245 2541 1325 sunt:
2606 1250 2905 1323 verbum
2952 1249 3143 1323 enim
3193 1249 3369 1325 illud

1026 1348 1323 1447 proprie
1368 1345 1511 1437 est,
1565 1350 1819 1432 trivit,
1890 1344 2054 1419 inde
2099 1344 2498 1419 triturando
2540 1345 2606 1418 δι
2650 1346 2950 1421 terendo
2996 1345 3232 1420 exafite
3266 1352 3369 1421 in·

1035 1444 1355 1547 quisivit,
1416 1466 1552 1519 nec
1596 1465 1747 1517 non
1780 1445 2081 1515 nucleum
2118 1447 2217 1514 rei
2254 1443 2554 1528 ‚extrivit
2598 1443 2670 1516 in
2715 1444 2915 1520 usum
2945 1443 3013 1518 ἃ.
3047 1443 3363 1525 frustum

1035 1546 1356 1632 alterius3
1423 1541 1611 1616 unde
1646 1562 1780 1633 pro
1825 1540 2239 1614 concionari
2282 1541 2418 1613 διο.
2449 1539 2764 1615 sumitur.
2863 1541 3208 1616 Ceterum
3242 1543 3369 1616 ubi

1032 1658 1225 1739 opera
1269 1639 1413 1713 Dei
1451 1638 1896 1732 adpellantur
1934 1660 2219 1731 magna,
2270 1634 2534 1732 quaefita
2584 1639 2673 1711 ab
2708 1642 3043 1728 omnibus,
3117 1646 3231 1736 qui
3276 1642 3367 1713 iis

1036 1740 1474 1824 deleEtantur,
1523 1734 1756 1811 sensus
1795 1732 1944 1824 est,
2013 1758 2080 1809 a.
2128 1756 2351 1828 opera
2396 1736 2549 1821 illa,
2620 1739 3073 1829 quantumvis
3120 1739 3369 1832 explo-

1037 1852 1224 1924 rata,
1285 1833 1559 1926 semper
1594 1831 1778 1919 effe,
1836 1831 1905 1905 δι
1948 1852 2281 1921 manere,
2322 1855 2607 1927 magna3
2658 1835 2826 1928 quin
2886 1839 2945 1909 b.
2992 1837 3207 1932 magis
3250 1835 3384 1909 ad·-

1038 1954 1289 2028 parere
1336 1932 1542 2020 talia,
1603 1928 1656 2000 fi
1686 1926 2023 2023 exquifite
2066 1925 2617 2026 investigentur3
2672 1953 2725 2005 c.
2758 1931 2968 2028 digna
2997 1932 3179 2021 effe,
3211 1955 3367 2026 quae
3497 1953 3504 1954 f

1043 2028 1348 2128 studiose
1389 2028 1908 2123 perquirantur.
2012 2026 2076 2100 d.
2134 2024 2214 2100 In
2261 2048 2351 2100 eo
2405 2029 2707 2121 denique
2761 2030 2898 2102 effe
2940 2030 3110 2125 pios
3161 2033 3229 2103 ἃ
3274 2031 3366 2104 sa·

1035 2126 1341 2223 pientiae
1411 2145 1599 2197 verae
1656 2121 1999 2197 studiosos
2032 2172 2057 2212 ,
2118 2139 2199 2198 ut
2242 2145 2325 2198 ea
2372 2126 2628 2220 partim
2689 2125 3160 2226 investigent,
3215 2150 3369 2224 par·

1047 2226 1180 2302 tim
1235 2221 1676 2296 enucleatius
1727 2233 2112 2313 exponant.
2622 2277 2625 2278 f
2947 2262 2951 2267 ·

1149 2324 1214 2411 §.
1259 2317 1451 2392 xlv.
1535 2318 1753 2413 Opera
1812 2317 1951 2390 Dei
2005 2315 2374 2414 magnifica
2428 2319 2883 2414 posteaquam
2924 2325 2995 2397 in
3096 2344 3312 2397 enere
3343 2372 3374 2412 ,

1045 2433 1380 2512 tanquam
1430 2419 1828 2491 laudationis
1855 2413 1999 2489 Dei
2031 2417 2441 2503 materiam,
2490 2420 2971 2494 memoraffet:
3052 2423 3372 2518 mgulare

1043 2515 1333 2610 aliquod
1390 2514 1530 2590 Dei
1585 2515 1932 2591 molimen
1965 2562 1988 2600 ,
2050 2511 2335 2605 justitiae
2385 2514 2450 2589 δι
2494 2517 2731 2611 gratiae
2783 2520 3111 2610 perennis
3174 2522 3372 2593 lucu·

1043 2616 1320 2699 lentum
1357 2610 1764 2707 specimen,
1813 2609 1884 2682 δι
1911 2610 2407 2686 celebrationis
2454 2611 2595 2686 Dei
2625 2616 2976 2708 peculiare
3010 2634 3373 2711 argumen-

1047 2728 1251 2799 tum,
1320 2711 1426 2783 his
1478 2709 1712 2782 verbis
1766 2705 1948 2780 vers.
1994 2729 2064 2799 3,
2109 2730 2177 2799 4.
2237 2710 2607 2807 adjungit:
2671 2710 2999 2805 Maiestas
3031 2713 3134 2802 ⁴69⁹
3187 2716 3376 2799 decus

1042 2824 1201 2902 opus
1246 2807 1435 2898 ejus:
1497 2802 1586 2888 &³
1604 2802 1874 2897 justitia
1914 2806 2053 2899 ejus
2086 2802 2231 2897 stat
2279 2811 2350 2878 in
2374 2805 2690 2901 seculum.
2763 2809 3155 2885 Memoriam
3194 2806 3373 2903 fecit
3480 2832 3483 2835 ’

1045 2906 1462 2988 mirabilibus
1495 2900 1647 2999 suis
1679 2929 1708 2990 ,-
1767 2908 2116 2975 tenerrimo
2157 2899 2418 2994 adfei'tu
2470 2903 2556 2988 ὅ)
2586 2903 3020 3000 misericordia
3058 2911 3382 3005 praelitas

1050 3000 1141 3094 qli
1192 2997 1470 3098 Jehova.
1573 2999 1936 3094 Memorat
1984 2998 2102 3073 hic
2145 3015 2299 3092 opus
2328 3000 2395 3074 δε
2424 3007 2760 3075 mirabilia
2799 3005 2978 3096 Dei,
3027 3007 3098 3081 δι
3126 3007 3213 3079 de
3241 3022 3381 3102 ope·
3477 3081 3482 3085 ,

1055 3123 1126 3173 re
1173 3078 1313 3173 Dei
1362 3098 1579 3185 dicit,
1642 3096 1813 3180 illud
1859 3096 1999 3170 effe
2045 3095 2445 3190 majestatem
2492 3122 2571 3172 ac
2602 3103 2829 3190 decus,
2888 3126 3021 3178 nec
3066 3126 3212 3179 non
3261 3126 3380 3199 pe-

1055 3197 1294 3273 rennis
1333 3193 1614 3285 justitiae
1645 3192 1911 3292 lignum
1949 3194 2019 3270 δι
2053 3192 2429 3284 είΐεξὶυιῃς
2477 3195 2905 3274 Mirabilibus
2944 3224 3123 3276 vero
3157 3227 3383 3276 memo-
3492 3220 3495 3224 ’

1053 3301 1225 3374 riam
1265 3292 1406 3367 esse
1439 3292 1695 3368 saetam
1728 3290 1980 3381 tradit,
2030 3288 2489 3388 fimulque-de
2523 3299 2907 3374 tenerrimo
2932 3300 3071 3374 Dei
3097 3298 3386 3382 adferta

1056 3392 1299 3476 testari
1339 3391 1616 3465 adserit,
1719 3389 2044 3464 Dubium
2090 3390 2260 3464 mihi
2306 3414 2456 3469 non
2497 3392 2600 3466 est
2629 3443 2655 3484 ‚
2719 3399 2892 3489 quin
2937 3402 3382 3473 liberationem

1059 3487 1534 3570 israelitarum
1575 3511 1670 3563 ex
1695 3488 2077 3584 Aegypto,
2121 3507 2420 3583 eamque
2465 3490 2770 3567 secutam
2816 3495 3063 3589 populi
3106 3495 3388 3572 confer·

1059 3588 1429 3666 vationern
1487 3586 1564 3658 in
1606 3585 1971 3676 Desert0‚
2041 3587 2112 3661 δι
2155 3587 2757 3665 introdufflonem
2800 3593 2871 3665 in
2917 3591 3327 3672 Cananaeam
3357 3646 3384 3685 ,

1057 3700 1390 3777 tempore
1469 3682 1925 3761 Maccabaico
1987 3707 2183 3759 nova
2236 3686 2304 3759 &
2354 3684 2551 3771 lim-ili
2620 3688 3040 3764 liberatione
3087 3715 3382 3768 renova·

1062 3797 1205 3862 tam
1218 3798 1261 3871 j„
1312 3780 1384 3857 in
1430 3782 1664 3860 oculis,
1698 3782 2059 3863 habuerit:
2126 3801 2288 3857 cum
2337 3784 2528 3879 quod
2567 3784 2749 3860 vers.
2786 3810 2850 3877 9.
2888 3810 3012 3881 per
3053 3792 3385 3865 redemtio-

1060 3904 1207 3960 nem
1240 3882 1469 3975 pupuli
1516 3880 1963 3977 explicetur,
1993 3898 2154 3963 tum
2196 3881 2397 3977 quod
2416 3883 2592 3962 illud
2627 3906 2808 3981 opus
2845 3886 2950 3964 his
2988 3889 3386 3987 phrasrbus,

1664 3995 1670 4000 '
1744 3997 1751 4001 ’
1890 4016 1906 4024 ·-
2421 4016 2424 4018 >
3031 3991 3390 4067 molimmis
