3984 5159
466 608 542 684 in
608 589 791 672 ese
837 588 871 672 t
920 587 976 669 n.
1049 551 1318 701 exixit).
1396 635 1469 714 437

310 793 463 885 ,arcion
478 773 594 874 mg&
608 781 661 858 Ps.
674 774 778 860 xcix:
795 791 831 856 α’.
855 775 1045 873 notificavit
1058 779 1192 881 Jerrva
1198 788 1469 894 salutunsuam,

305 906 416 962 ‘etrum
434 889 533 960 oculis
547 889 694 980 gentium
705 874 1044 973 revelavitjulir'tiam
1053 879 1160 971 suan.
1188 891 1219 970 d.
1229 891 1309 966 Nec
1323 893 1467 972 illudni·

308 985 372 1062 hili
389 982 461 1075 est,
488 981 659 1057 oChron.
675 1000 736 1054 vr:
755 998 813 1067 41.
837 975 955 1065 unde,
977 975 1055 1049 haec
1072 982 1181 1055 verba
1195 985 1351 1065 desumto
1365 991 1466 1087 sunt,

306 1083 451 1169 heberi,
465 1071 650 1177 secerdotes
671 1081 723 1148 tut'
747 1075 886 1147 induant
899 1071 1063 1165 salutem,
1095 1075 1143 1159 ⁴&
1155 1085 1219 1172 pii·
1232 1091 1283 1156 tut·
1303 1091 1468 1168 laetentur
1602 1091 1604 1096 ’
1642 1079 1645 1084 ’

306 1181 396 1253 bono.
425 1179 490 1252 His
515 1175 711 1251 rationibus
731 1190 850 1245 motus
867 1170 1105 1246 intellexerim
1120 1193 1186 1265 per
1196 1176 1383 1272 justitiam,
1398 1209 1468 1279 qua

301 1268 509 1350 'sacerdotes
531 1291 696 1366 tanquam
718 1265 859 1361 uestibus
880 1266 1030 1379 ornandi
1053 1289 1099 1341 ex
1121 1269 1190 1344 hoe
1214 1276 1464 1374 votoforent',

307 1391 346 1446 1.
365 1372 528 1447 omnium
548 1370 746 1460 bonorum,
759 1384 1031 1460 ‚quecorporrn
1055 1387 1122 1458 qua
1138 1369 1265 1461 animi,
1287 1376 1463 1454 abundan-

306 1465 395 1544 tiam
409 1471 452 1541 dt
479 1463 725 1540 adfluentium:
759 1483 837 1558 quae
859 1483 964 1554 quern
984 1475 1068 1558 apte
1095 1467 1242 1542 nomine
1260 1466 1388 1564 salutis
1403 1497 1463 1548 ve·

306 1565 407 1652 niet,
439 1583 547 1648 nemo
569 1563 728 1658 ignorat,
760 1557 823 1632 nifi
846 1559 903 1632 cui
923 1559 1067 1653 proprie
1087 1563 1188 1634 vocis
1207 1585 1264 1651 nu·
1283 1569 1461 1661 potestas,

308 1661 347 1736 in
360 1662 586 1757 amplitudine,
607 1661 747 1728 laxitate
762 1653 931 1752 despatio,
945 1655 1030 1746 fita,
1059 1656 1181 1824 isgnote
1198 1657 1272 1734 est.⁴
1310 1664 1363 1740 Ita
1376 1665 1460 1761 Job.

305 1779 344 1834 v:
360 1781 394 1848 4.
426 1761 520 1853 lunge
539 1758 676 1827 aberant
691 1749 764 1846 filii
782 1755 852 1847 ejus
875 1775 897 1822 a
906 1748 1037 1841 salute,
1077 1773 1143 1844 eu,
1168 1758 1268 1832 omni
1282 1759 1459 1843 bonarum

288 1875 425 1930 rerum
444 1852 557 1946 copie.
607 1848 677 1924 Sed
695 1869 803 1940 quare
821 1845 955 1943 justitia
977 1847 1198 1942 adpellaturi
1223 1874 1334 1931 exeo
1358 1861 1457 1936 vocis

299 1951 387 2040 usu,
414 1972 486 2044 quo
506 1941 1095 2044 benigniutemdbeneficentiam
1109 1947 1274 2040 denotet,
1300 1957 1393 2030 unde
1410 1957 1457 2032 ad

284 2052 413 2124 'eleemr
426 2068 511 2142 ynat
532 2041 763 2126 transfertur,
791 2041 838 2115 fic
862 2062 930 2135 pro
955 2043 1135 2120 bonorum
1157 2046 1369 2126 abundantia
1393 2059 1474 2126 ve·'

299 2145 377 2233 nit,
402 2048 470 2237 ses.
493 2163 574 2217 xtv:
599 2145 631 2217 8.
681 2135 776 2212 Addi
797 2136 937 2233 potest,
965 2137 1134 2234 justitiam
1157 2143 1216 2216 hic
1237 2166 1304 2238 pro
1318 2146 1455 2226 effettis

283 2241 334 2318 'tr
350 2238 450 2339 fignis
469 2236 620 2332 justitiae
638 2237 840 2310 &ueritatis
855 2235 925 2307 Dei
940 2234 1047 2311 sumi:
1072 2259 1145 2330 quo
1166 2237 1267 2328 sensu
1290 2249 1386 2320 indui
1397 2269 1455 2342 ju·

294 2334 397 2433 stiria
417 2337 533 2422 dicet,
558 2355 636 2409 eam
655 2331 797 2426 publice
848 2330 990 2404 raeferre
1013 2331 1049 2404 tr
1068 2331 1246 2424 ostentare
1261 2361 1327 2432 per
1344 2362 1452 2420 omne

301 2455 416 2534 genus
427 2433 541 2519 bone,
568 2451 645 2524 quae
658 2429 703 2502 de
721 2449 763 2500 ea
777 2447 813 2503 te
890 2443 959 2502 tur.
1431 2500 1434 2512 ,

282 2555 290 2568 ·
351 2534 383 2621 ς.
396 2527 489 2603 XIX.
545 2549 577 2602 α.
602 2525 671 2601 Sed
702 2525 759 2598 hic
786 2547 861 2600 non
887 2522 1125 2616 substiterim3
1164 2549 1292 2606 verum
1322 2529 1450 2614 schole
1503 2565 1515 2570 ·

280 2626 500 2702 'sannorum
522 2623 794 2699 convenientius
816 2623 1069 2714 interpretarer
1078 2621 1245 2717 justitiam
1257 2629 1302 2702 de
1316 2629 1449 2710 benefi·
1474 2720 1480 2730 ‚

298 2726 359 2799 cio
390 2719 594 2798 remiffionis
624 2735 876 2814 peccatorum,
912 2718 1056 2810 &juris
1084 2719 1127 2793 ed
1155 2729 1448 2808 communionem

221 2867 229 2876 =
295 2817 388 2908 Dei,
415 2821 484 2895 hoc
496 2821 641 2894 nomine
656 2816 811 2914 insigniri
828 2815 954 2904 solito,
972 2815 1068 2908 quod
1088 2837 1133 2892 ex
1148 2819 1283 2896 virtute
1292 2821 1448 2918 justitiae
1518 2877 1524 2884 -

278 2914 368 2991 'Dei
385 2916 546 3010 profluat.
610 2915 710 2988 Deus
729 2913 824 2987 enim
845 2933 913 3006 que
934 2910 1096 3008 justus&
1118 2937 1238 3012 aequus
1248 2919 1358 3010 judex
1368 2924 1447 3017 jure

275 3014 449 3088 ·remittit
470 3025 639 3106 peccata,
664 3010 910 3084 intercedente
928 3009 1085 3100 oidrma,
1120 3034 1197 3105 quae
1218 3014 1278 3090 hes
1290 3019 1446 3094 virtutes

224 3173 228 3180 .
290 3107 362 3184 Dei
392 3109 550 3185 illustrat.
607 3107 715 3207 Quod
737 3107 872 3182 nemini
894 3103 1052 3182 nostrum
1079 3123 1140 3182 eut
1162 3111 1345 3209 ignotum,
1383 3129 1446 3190 eut

290 3207 466 3298 dubium,
491 3205 700 3282 existimem.
727 3204 955 3298 Adplicemus
972 3204 1082 3279 modo
1097 3203 1346 3305 adsacerdotes:
1371 3231 1445 3303 quo

273 3301 455 3395 nni-ini,
488 3319 652 3398 tanquam
676 3301 941 3391 intereeffores,
972 3303 1011 3374 vi
1034 3307 1188 3381 muneris
1209 3305 1244 3380 &
1265 3305 1443 3397 nominis,

292 3401 533 3476 confiderandi
555 3399 655 3489 sunt,
693 3400 751 3492 qui
782 3422 848 3493 pro
873 3399 1009 3493 populo
1033 3399 1125 3491 apud
1148 3401 1266 3484 Deum
1289 3402 1443 3478 interce·

127 3529 132 3536 ·
269 3497 410 3583 dunt,
443 3499 632 3572 &virtute
653 3494 824 3583 vittimae,
856 3517 897 3567 ec
918 3494 1126 3584 oblationis,
1149 3496 1313 3574 favorem
1345 3496 1440 3589 Dei,

271 3592 388 3669 'salva
403 3597 476 3688 ejus
492 3593 640 3688 justitia,
665 3592 739 3667 imo
750 3613 794 3664 ex
813 3591 903 3679 ipsa,
930 3589 1131 3682 impetrant.
1189 3590 1376 3690 Hiitaque
1392 3597 1441 3672 di·

291 3710 424 3766 cuntur
444 3690 606 3785 juditium
620 3691 750 3777 induti,
775 3709 884 3782 quum
900 3685 971 3760 sese
986 3685 1069 3760 Deo
1084 3689 1148 3760 hac
1166 3688 1204 3764 in
1220 3709 1258 3762 re
1275 3711 1440 3788 compro·
1565 3766 1570 3770 .
1653 3735 1654 3739 κ

292 3789 399 3879 bant,
424 3789 458 3862 dr
475 3792 533 3886 jus
554 3790 598 3864 ad
619 3783 813 3873 beneficia,
842 3783 978 3860 favoris
996 3784 1068 3871 Dei
1085 3783 1197 3880 sig-na,
1222 3785 1444 3884 consequunr

291 3897 362 3961 tur.
414 3884 598 3960 Sacerdotes
618 3885 697 3960 sunt
709 3881 842 3980 justitia
859 3880 997 3971 vestiti,
1022 3883 1190 3978 conjure
1203 3884 1246 3958 ad
1258 3886 1353 3960 bone
1365 3909 1442 3986 gre·
1466 3895 1470 3904 “

270 3983 353 4056 ‘tiae
373 4005 438 4078 pro
460 3983 495 4057 se
518 3986 553 4058 δι
573 3983 728 4076 populo,
761 4003 863 4073 cujus
881 3978 1067 4072 personam
1089 3993 1238 4077 gerunt,
1264 3983 1437 4080 gaudent:

294 4099 371 4173 quae
391 4080 463 4179 ipsa
480 4082 577 4160 bone
589 4074 1049 4251 numinesainu'slrreniuntt
1074 4099 1143 4177 que
1153 4078 1291 4160 tatione
1305 4079 1362 4156 he
1377 4102 1440 4153 vo.

888 4194 920 4250 11
944 4194 966 4270 3
1380 4193 1444 4251 ceu
