3984 5159
462 575 466 583 ·
536 574 605 633 ao
660 554 774 633 .P:S
821 556 858 635 A
898 555 938 635 ¹L
987 556 1043 637 M.
1116 558 1273 639 CXXI..¹
1346 588 1468 665 ·2·71

305 774 400 836 mum
421 770 463 825 ac
484 744 761 843 potentiffimum
782 747 843 823 libi
863 749 978 825 adelse
999 753 1261 845 protestorem,
1293 752 1399 851 seque
1417 755 1464 830 de

303 853 410 931 status
425 848 560 935 felicia,
590 847 629 921 in
653 869 731 940 quo
749 862 845 936 erat,
870 850 1109 941 perpetuitate
1131 851 1349 929 certissimam
1366 854 1461 945 else,

303 952 446 1047 publice
469 945 635 1019 declarat.
694 943 911 1034 interpretes
933 946 993 1020 fibi
1017 948 1074 1021 hic
1097 946 1233 1047 fingunt
1258 950 1464 1044 personam,

307 1040 635 1139 summis-angustiis
664 1040 832 1134 pressam,
859 1044 891 1115 da
915 1046 1030 1119 omnis
1047 1048 1167 1120 auxilii
1182 1072 1222 1120 ac
1237 1050 1370 1122 consilii
1385 1047 1464 1121 fere

305 1146 478 1237 inopem,
503 1138 573 1213 live
594 1139 692 1232 quod
713 1138 871 1214 hostibus
894 1142 1120 1238 undiquaque
1144 1144 1402 1236 fueritcinlia,
1429 1145 1464 1219 δι

307 1245 448 1319 exitum
465 1260 539 1313 non
555 1237 743 1331 reperiret,
752 1236 823 1309 slve
840 1240 934 1329 quod
949 1243 1205 1333 opus,viribus
1217 1240 1282 1316 suis
1293 1242 1464 1337 superius,
1488 1286 1490 1291 ·

305 1341 361 1416 ati
374 1337 429 1411 est
447 1333 626 1431 altiffimam
640 1348 779 1407 arantem
794 1333 1016 1430 conscendere,
1038 1340 1234 1435 aggressura
1251 1340 1357 1413 foret.
1379 1340 1464 1437 Quo

308 1440 348 1513 in
369 1434 460 1507 statu
481 1433 629 1521 volunt,
653 1454 732 1506 eam
753 1429 916 1507 fiduciam
938 1434 1033 1508 luam
1054 1437 1090 1509 in
1114 1436 1252 1529 Jelrova
1267 1439 1465 1524 collocare,

310 1535 347 1608 da
377 1530 604 1626 promistione
633 1530 748 1603 auxilii
778 1530 902 1603 Divini
924 1536 1105 1620 corrobari,
1139 1532 1209 1605 sive
1233 1535 1382 1627 Spiritus
1403 1532 1467 1629 ipfi

311 1632 403 1705 hanc
426 1626 704 1702 consolationem
725 1626 967 1721 inspiraverit,
994 1629 1065 1701 srve
1083 1628 1168 1703 allus
1183 1632 1363 1705 introduci
1386 1653 1467 1705 cen·

289 1730 426 1803 -teatur
454 1723 620 1799 oratione
646 1724 883 1799 consolatoria·
906 1749 983 1800 eam
1008 1728 1156 1823 erigens.
1208 1728 1320 1801 Duxit
1342 1751 1403 1801 eos
1429 1730 1470 1802 in·
1539 1731 1549 1797 .'

310 1846 472 1901 errorem
499 1819 683 1915 perversus
706 1822 797 1897 vers.
827 1823 1122 1898 rotintellettus.
1179 1822 1269 1899 Eum
1294 1826 1387 1899 enim
1413 1846 1470 1897 ac·

308 1938 509 2020 ceperunt,
534 1918 601 1991 acsi
620 1918 770 2012 persona
791 1920 885 2008 haec,
911 1921 956 1994 de
978 1923 1108 1996 auxilio
1125 1920 1292 2009 sollicita,
1318 1924 1473 1997 circum·

311 2042 451 2116 quaque
477 2017 602 2092 oculos
617 2015 795 2105 uerteret,
821 2018 915 2092 unde
937 2020 1021 2094 illud
1042 2020 1199 2108 veniret,
1225 2040 1269 2092 ex
1291 2042 1363 2111 quo
1377 2042 1480 2113 prae-·
1527 2100 1532 2111 ¹

314 2137 417 2193 terea
432 2115 687 2209 collegerunt,
720 2136 797 2188 eam
832 2118 990 2192 maximis
1018 2116 1119 2191 fuilse
1149 2115 1369 2191 constriilam
1410 2138 1468 2188 an-

317 2212 451 2312 gustiis.
498 2211 566 2283 Sed
586 2225 725 2285 tantum
750 2211 867 2301 abest,
900 2229 941 2288 ut
968 2216 1024 2288 hic
1051 2213 1169 2289 versus
1191 2216 1373 2289 communi
1395 2213 1471 2305 opi-

317 2310 420 2388 nioni
436 2308 574 2396 faveat,
597 2323 661 2395 ut,
676 2306 701 2379 lt
718 2307 813 2381 reue
830 2310 1068 2407 intelligatur,
1095 2334 1172 2384 eam
1188 2306 1336 2385 evertat.
1389 2312 1473 2384 Sen-

318 2408 376 2483 sus
391 2408 486 2479 enim
501 2403 570 2493 est,
595 2404 657 2478 fibi
671 2427 889 2499 nequaquam
905 2430 995 2499 opas
1012 2407 1102 2494 else,
1127 2424 1168 2481 ut
1182 2408 1307 2481 oculos
1322 2408 1474 2487 admon-

320 2523 375 2580 tes
398 2502 516 2578 uenat
536 2502 653 2575 auxilii
667 2502 790 2593 causa,
814 2523 876 2578 aut
889 2506 991 2580 anxie
1007 2518 1160 2597 quaerat,
1187 2506 1269 2577 unde
1285 2506 1368 2575 milri
1377 2508 1473 2574 auxi·

318 2605 431 2678 Ham?
461 2598 677 2693 presidium,
712 2603 770 2673 cui
798 2598 902 2690 fidat,
944 2601 980 2675 dc
1014 2600 1108 2675 unde
1137 2598 1242 2674 status
1276 2597 1330 2673 sui
1358 2596 1473 2670 firma-

315 2714 482 2777 mentum
501 2696 691 2789 exspetlet.
741 2698 815 2798 Qui
836 2699 953 2773 sensus
973 2720 1016 2772 ex
1031 2695 1150 2771 nostra
1167 2695 1329 2770 versione
1346 2696 1473 2790 sponte

317 2796 497 2873 elucescit.
547 2793 662 2891 Egone
684 2796 726 2866 ad
745 2812 867 2871 montes
888 2800 1068 2870 attollerem
1091 2798 1222 2869 oeulos?
1251 2816 1367 2893 egone
1383 2816 1476 2887 quae·
1513 2811 1518 2823 ¹

229 2976 234 2984 ,
322 2917 462 2971 rerem:
486 2894 568 2966 ande
589 2897 668 2965 mibi
684 2897 873 2966 auxilium?
897 2895 1004 2985 absit,
1029 2890 1134 2980 absit,
1149 2904 1238 2987 opus
1255 2912 1478 2987 nequaquam

324 2992 397 3080 est3
425 2991 589 3065 auxilium
609 3011 728 3063 meum
743 2989 795 3062 est
811 2992 966 3085 jehova,
990 2992 1027 3065 da
1040 2991 1083 3063 de
1099 2992 1175 3085 eius
1190 2994 1295 3065 tutela
1310 2990 1385 3065 sum
1399 3010 1478 3082 per-

323 3088 451 3165 suasus.
502 3086 559 3159 De
575 3108 646 3181 quo
661 3086 722 3160 suo
738 3088 832 3163 loco.
887 3165 891 3171 ,
1133 3102 1137 3112 “
1302 3176 1305 3182 .

381 3192 414 3278 §.
431 3186 475 3261 ll.
501 3184 665 3274 Deinde,
670 3182 798 3274 flatum
812 3187 914 3282 hujus
931 3188 1088 3284 personae
1101 3188 1158 3261 hic
1174 3209 1247 3261 non
1262 3180 1487 3279 representa»

329 3285 362 3357 ri
374 3281 548 3357 adflidtum
564 3282 844 3373 &miserum,ut
859 3289 968 3385 vulgo
981 3284 1262 3373 censetur,illud
1283 3306 1314 3354 a.
1331 3277 1485 3367 evincit,

232 3450 235 3456 .
332 3382 429 3474 qumi
452 3381 528 3473 ejus
557 3378 614 3452 hic
641 3382 735 3454 nulla
755 3379 815 3455 fiat
838 3389 995 3473 mentio,
1034 3406 1102 3459 nec
1131 3380 1385 3477 angustiarum,
1413 3397 1489 3474 nee·

333 3478 505 3563 hostium,
536 3496 604 3549 nec
620 3480 729 3551 anxia
744 3479 1022 3555 deliberationis..
1064 3486 1091 3553 b.
1115 3479 1212 3551 lnter
1233 3474 1396 3569 promissa
1409 3475 1488 3547 nul·

334 3579 410 3649 lum
431 3576 475 3648 de
499 3578 685 3647 liberatione
710 3579 891 3666 occurrit,
925 3576 1023 3670 quod
1045 3578 1159 3671 probe
1181 3573 1398 3659 notandum,
1426 3570 1489 3644 sod

335 3675 457 3749 omnia
486 3672 522 3745 in
561 3669 831 3767 conseruationem
863 3677 896 3747 or
924 3673 1036 3768 flatus
1064 3677 1302 3771 perennitatem
1340 3687 1491 3745 exeunt.

338 3797 366 3847 c.
392 3773 491 3856 lmo,
515 3770 609 3860 quod
632 3770 779 3860 dicitur,
809 3774 919 3867 pedem
942 3775 1013 3869 ejas
1028 3797 1090 3847 non
1107 3782 1319 3859 notatarum,
1345 3766 1490 3865 necsote

342 3892 410 3944 nec
435 3872 515 3939 tuna
538 3887 620 3940 eum
644 3867 713 3940 else
733 3871 952 3962 adurendum,
985 3873 1078 3947 clare
1100 3866 1336 3957 demonstrat,
1370 3866 1489 3961 perso-

343 3988 423 4040 nam
438 3965 528 4037 hanc
545 3965 588 4036 ab
603 3968 703 4039 omni
717 3972 906 4043 vexatione
920 3972 954 4044 dt
968 3968 1214 4063 persecutione
1231 3965 1321 4057 else,
1348 3965 1493 4038 &man-

341 4064 476 4153 suram,
509 4062 714 4141 immunem
772 4064 843 4144 Hic
869 4071 963 4148 nulla
982 4082 1086 4165 patet
1105 4067 1293 4166 exceptio,
1331 4061 1404 4232 ηἱῑὲ
1417 4059 1494 4231 ulpia

1407 4178 1505 4233 cce·n
