3984 5159
676 611 754 690 ‘704
849 579 1644 668 commutarentur

689 791 907 866 provocem,
932 786 1043 867 tuque
1066 771 1181 844 adme
1199 769 1485 862 exaudiendum,
1510 789 1667 863 meamque
1679 757 1765 846 ovim

690 869 884 966 agendam,
898 868 1043 944 excitari
1060 865 1394 962 debeas,est,quod
1410 866 1690 960 injrrsteuacerbe
1699 888 1765 940 vuer
1800 909 1803 918 =

690 966 895 1066 &exagitet
908 972 952 1041 ab
967 965 1088 1056 hoste,
1115 966 1173 1060 qui
1191 967 1423 1056 vitalitatem,
1450 968 1512 1040 seu
1528 964 1767 1062 potestatemglo

689 1066 779 1141 riam
794 1067 829 1140 ἀ
843 1063 1108 1160 poffeffionem,
1123 1085 1238 1139 meam
1254 1065 1428 1140 contrivit
1442 1087 1486 1138 ac
1503 1062 1767 1160 prostituantur

689 1163 727 1237 in
755 1162 915 1256 squalore
943 1162 978 1234 ot
1007 1181 1197 1252 moerore,
1232 1164 1332 1237 omni
1357 1164 1439 1237 luce
1469 1161 1723 1259 &consolatione
1736 1179 1770 1229 or

690 1262 799 1346 bum,
823 1255 973 1330 relidere
1000 1257 1109 1350 fecit,
1141 1257 1234 1333 haud
1254 1257 1445 1336 abfimilem
1469 1259 1640 1346 mortuis,
1658 1273 1771 1348 umqum

671 1353 893 1441 revieturis,
916 1375 1032 1456 meam
1053 1357 1205 1450 denique
1229 1357 1338 1433 vitam
1359 1358 1504 1432 auferre
1530 1358 1617 1432 tot'n
1634 1354 1771 1426 vinium

618 1473 624 1485 ’
686 1468 803 1528 natur.
855 1450 995 1542 Verba,
1020 1455 1118 1549 quod
1138 1455 1361 1548 anteonmia
1381 1453 1586 1532 notandum
1609 1450 1669 1542 est,
1691 1445 1772 1524 nunti

686 1551 849 1644 proxime
863 1551 1087 1645 precedens,
1112 1550 1171 1626 sed
1185 1554 1374 1648 remotius,
1390 1555 1449 1627 vel
1469 1551 1631 1639 versum,
1644 1543 1771 1641 nonsart

687 1649 785 1735 vlam,
825 1645 884 1722 sed
907 1657 1073 1746 primum,
1103 1649 1293 1724 referenda
1316 1651 1416 1726 sunt:
1449 1651 1645 1726 nonenim
1663 1647 1771 1718 anno

686 1745 894 1836 continent,
923 1767 1032 1840 quare
1051 1747 1153 1820 Deus
1173 1745 1287 1842 ipsum
1310 1771 1386 1824 non
1405 1747 1446 1824 lit
1468 1750 1509 1822 in
1531 1735 1770 1842 judiciunmtlv

641 1849 646 1858 '
686 1867 768 1937 rus,
793 1842 853 1918 sed
872 1841 985 1939 ipsum
1005 1843 1218 1921 clamantem
1243 1844 1362 1920 audire
1384 1846 1540 1934 debeat,
1566 1867 1642 1922 cum
1660 1836 1768 1936 quoire

685 1942 759 2038 ipsa
771 1941 808 2016 id
820 1937 1152 2113 exigathofierioris
1166 1942 1262 2018 enim
1277 1943 1395 2033 recle,
1406 1943 1467 2019 sed
1480 1965 1559 2020 non
1570 1943 1690 2040 priori,
1700 1929 1768 2005 ‘sti'

685 2039 760 2126 tio,
781 2059 860 2114 tum
884 2061 932 2131 qu
1002 2040 1104 2114 aliam
1122 2045 1244 2136 priora
1265 2037 1403 2116 dederit
1423 2043 1629 2130 rationem,
1653 2030 1769 2110 novel

522 2157 527 2164 ’
685 2133 855 2230 P0s¹t²ffl3
881 2151 957 2208 tum
978 2136 1075 2227 quod
1097 2135 1236 2212 veria.
1257 2135 1384 2214 habeat
1403 2137 1630 2235 conspectum
1647 2124 1769 2237 moult·

684 2231 775 2321 fios,
799 2230 843 2303 ad
865 2228 1081 2326 superiorem
1121 2235 1306 2312 etitionem
1321 2237 1584 2330 explicandam,
1612 2233 1666 2307 &a
1756 2247 1769 2266 ·

686 2340 760 2404 tate
788 2327 1027 2418 liberandam,
1051 2257 1213 2424 inferta,
1238 2348 1279 2408 ut
1299 2353 1345 2407 ex
1366 2333 1464 2410 dietis
1486 2349 1598 2430 patet
1646 2325 1767 2424 Trvvert

684 2444 862 2504 memorat
887 2427 1069 2506 violentia
1090 2430 1126 2504 δι
1147 2427 1321 2524 iniustitia
1341 2429 1447 2506 hostis
1462 2433 1562 2532 figna
1575 2429 1605 2504 ἀ
1617 2419 1724 2506 effecit,
1739 2411 1770 2484 ὼ·

682 2519 808 2600 stinile
829 2523 1091 2603 consideranda.
1151 2547 1182 2602 1.
1208 2523 1361 2602 Primum
1380 2525 1453 2620 est,
1478 2529 1579 2626 quod
1592 2509 1768 2606 arturit*

684 2622 874 2721 infitietur,
899 2620 958 2698 seu
978 2627 1062 2698 vitae
1088 2620 1156 2700 suae
1176 2623 1378 2701 auferenda
1394 2627 1509 2723 preffe
1525 2623 1690 2704 immineat,
1706 2609 1768 2682 ficut

709 2721 746 2796 ui
765 2721 878 2815 preffe
908 2718 1085 2815 sequitur,
1122 2721 1156 2794 ἀ
1183 2738 1321 2822 tergum
1344 2728 1494 2819 premit,
1530 2726 1574 2800 ad
1592 2707 1763 2798 occidendum·

722 2819 849 2892 erbum
873 2819 968 2893 enim
988 2846 1046 2920 prr
1063 2820 1207 2916 proprie
1230 2819 1301 2911 est,
1322 2821 1448 2918 preffit,
1474 2843 1517 2901 ut
1538 2815 1768 2919 ιῃιειῐιάοῑθῐέῑῑΠΙ

683 2913 830 3006 alicuius
845 2915 1048 3008 premimus.
1098 2916 1138 2990 ld
1151 2916 1247 3011 quod
1262 2917 1457 2997 Absolomo
1471 2917 1652 3019 imputavit
1660 2903 1712 3003 ipit
1721 2897 1768 2970 θ’·

682 3011 766 3103 vid,
791 3010 918 3086 asam.
944 3031 1018 3086 avt:
1038 3031 1091 3086 11.
1119 3036 1187 3086 ecte
1199 3012 1298 3108 filius
1318 3039 1405 3090 meus
1418 3027 1538 3116 quatit
1551 3015 1767 3113 animamur

679 3109 718 3184 ot
739 3107 955 3204 nchirophel
968 3127 1109 3202 quoque
1122 3111 1264 3187 molitus
1280 3109 1353 3204 est,
1376 3137 1485 3208 quum
1500 3133 1637 3212 parvam
1647 3111 1722 3200 pent

684 3208 822 3283 minum
860 3227 1002 3283 manum
1037 3205 1081 3279 ad
1109 3204 1284 3286 Davidem
1309 3212 1505 3307 improviso
1532 3193 1763 3310 opprimendum

544 3371 549 3378 .
682 3305 812 3380 tiam.
826 3323 927 3379 xvn:
951 3326 985 3392 1,
1006 3325 1040 3379 2.
1062 3324 1191 3398 quom,
1216 3308 1273 3381 vel
1287 3323 1500 3406 utrumque,
1525 3311 1583 3387 vel
1596 3299 1763 3402 posteriorem

680 3401 858 3490 maxime,
882 3402 1041 3479 intendit
1054 3401 1200 3478 nomine
1222 3402 1317 3499 hostis
1331 3405 1369 3481 in
1383 3405 1468 3507 ling.
1506 3399 1706 3490 asecvrtdm
1720 3377 1763 3490 ist}

682 3499 779 3594 quod
802 3499 955 3577 vitalitas
969 3502 1066 3594 ejus,
1091 3503 1150 3576 vel
1167 3505 1430 3602 coagmentatio
1447 3507 1561 3584 vitalis
1576 3491 1761 3580 frerirroru·

675 3609 721 3668 -ta
733 3595 776 3668 ad
790 3610 940 3689 terram,
964 3599 1026 3673 seu
1040 3599 1296 3677 contumeliose
1313 3601 1501 3698 prostrata,
1527 3606 1578 3681 his
1592 3589 1706 3674 verbis:
1722 3592 1763 3648 cll·

680 3696 847 3765 trinitati
870 3710 992 3770 terram
1012 3704 1318 3793 coagmentationem
1339 3723 1451 3776 meam.
1477 3703 1512 3778 h.
1534 3727 1565 3780 e.
1593 3687 1761 3790 dignl'ffloeffl’

680 3785 915 3884 potestatem,
939 3791 1230 3890 &poliellionem
1242 3818 1377 3887 meam,
1402 3801 1485 3874 vitae
1500 3823 1585 3879 mea
1598 3794 1678 3875 vim,
1695 3780 1763 3851 ‘⁰¹¹‘

681 3883 982 3979 &splendorem
1020 3886 1221 3984 prostituit,
1256 3893 1291 3966 ἂ
1314 3892 1514 3988 prostravit.
1566 3884 1661 3998 Quod
1676 3867 1758 3974 auu

680 3981 752 4072 est,
775 4002 886 4077 quum
915 3983 1132 4086 sedesregni
1154 3989 1230 4080 ejus
1249 3987 1299 4064 est
1318 4011 1510 4086 occupata,
1542 4019 1588 4070 ac·
1603 3990 1700 4064 domus
1713 3973 1758 4053 ’Ψ

676 4082 833 4176 enno,
858 4078 1002 4180 ipseque
1023 4085 1122 4164 omni
1143 4085 1320 4184 potestate
1341 4090 1375 4166 a
1394 4090 1579 4185 splendore
1590 4069 1757 4264 ,ruffi
