3984 5159
1277 226 1292 264 Ι

1194 451 1339 523 124
1539 408 3186 498 commitiva-antus

1194 598 1291 684 sc.
1346 598 1449 674 est
1481 650 1506 690 ‚
1593 599 1660 674 dc
1710 597 2053 690 adparuit.
2152 593 2394 675 Verba
2435 614 2585 667 non
2628 608 2772 667 tam
2813 593 3167 668 rationem
3191 609 3533 669 'moven-

1201 713 1348 772 tem
1382 749 1405 788 ‚
1481 719 1684 790 quam
1738 707 2237 791 argumentum
2284 691 2348 763 ἀ
2401 690 2786 764 formulam
2832 690 3251 766 laudationis
3294 691 3528 785 Jebo-

1141 845 1147 852 -
1204 815 1314 870 vae
1360 791 1733 887 compleffl
1768 841 1793 879 ‚
1856 790 2061 883 supra
2104 789 2503 865 observavi.
2607 785 2883 860 Vocula
2914 790 3154 879 itaque
3201 815 3271 863 ν)
3311 793 3532 884 quia,

1202 914 1350 966 non
1408 889 1510 963 est
1570 888 1970 984 aetiologica
2034 884 2151 960 seu
2213 886 2504 959 rationis
2561 884 2863 958 redditio
2894 933 2921 974 ‚
2997 884 3114 958 sed
3174 885 3532 960 orationis

1201 989 1617 1063 inchoativa
1643 1036 1667 1077 ,
1750 999 1833 1060 ut
1882 985 2011 1057 Gr.
2065 988 2156 1055 ὅτι
2193 1032 2216 1071 ,
2296 981 2416 1054 seu
2461 979 2917 1073 adfhverativa
2946 1033 2971 1070 ‚
3028 978 3310 1077 profesta
3344 1032 3369 1072 ‚
3435 993 3531 1055 ut

1201 1084 1385 1178 saepe
1429 1086 1613 1158 alias.
1731 1082 2081 1155 Dicerent
2126 1100 2304 1151 vero
2346 1080 2618 1163 Gentes
2663 1079 2729 1151 δι
2774 1080 3100 1154 nationes
3128 1128 3153 1167 ‚
3248 1102 3313 1153 a.
3364 1100 3528 1152 exu-

1124 1199 1140 1225 ··
1200 1186 1466 1256 beravii
1491 1179 1694 1276 super
1732 1200 1849 1251 nos
1886 1181 2112 1274 gratia
2168 1178 2358 1272 eiu53
2422 1176 2492 1248 h.
2541 1197 2603 1248 e.
2652 1198 2835 1250 vena
2876 1177 3040 1250 beni
3141 1177 3326 1250 itatis
3370 1177 3528 1265 eJus

1209 1275 1620 1353 inexhausta
1664 1290 1860 1350 tanta
1899 1276 2101 1368 copia
2148 1273 2352 1367 super
2398 1295 2528 1347 nos
2572 1270 2773 1347 fluxit
2802 1323 2829 1365 ‚
2905 1291 2987 1348 ut
3082 1275 3280 1348 'luvii
3307 1272 3540 1347 instar

1097 1416 1106 1429 =
1207 1396 1343 1450 nos
1392 1390 1585 1450 totos
1626 1370 2127 1446 inundaverit:
2209 1386 2323 1447 tot
2368 1386 2695 1464 tantaque
2740 1371 2812 1443 in
2862 1393 2999 1445 nos
3035 1372 3384 1459 contulit,
3431 1388 3529 1444 ex

1210 1492 1389 1566 pura
1429 1472 1654 1568 gratia
1694 1469 1762 1543 St
1806 1469 2285 1545 misericordia
2318 1517 2342 1556 ,
2406 1469 2685 1554 vera&
2728 1465 3104 1559 spiritualia
3150 1468 3335 1542 bona
3362 1519 3388 1559 ‚
3436 1482 3531 1553 uc

1216 1572 1354 1643 toti
1393 1568 1737 1644 fuerimus
1790 1565 2093 1662 repleti,
2142 1564 2209 1638 δι
2256 1564 2714 1658 undiquaque.
2744 1563 2975 1639 cincti.
3076 1566 3192 1639 Ad
3240 1565 3520 1661 elegam-

1208 1667 1382 1740 tiam
1413 1715 1438 1755 ,
1501 1665 1568 1738 δι
1615 1663 1970 1759 emphassn
2006 1712 2032 1753 ‚
2093 1661 2430 1737 orationis
2470 1659 2693 1751 facit,
2761 1663 3067 1736 verbum
3118 1689 3260 1751 m,
3325 1664 3415 1735 de
3454 1683 3527 1734 a·

1185 1764 1366 1856 -quis
1418 1762 1931 1861 abundantibus
1966 1809 1991 1849 ‚
2087 1757 2657 1853 exsuperantibus
2686 1806 2711 1845 ‚
2792 1757 2859 1830 &
2926 1760 3468 1851 praevalentibus
3495 1806 3526 1846 ‚

1212 1875 1293 1936 ut
1342 1859 1692 1953 Coccejus
1730 1859 1874 1950 jam
1916 1857 2196 1941 notavit
2238 1887 2278 1934 a
2307 1904 2333 1945 ‚
2392 1852 2759 1947 usurpari,
2842 1876 3097 1930 vocem
3144 1879 3334 1943 vero
3398 1883 3529 1930 non

1212 1956 1455 2032 sedem
1497 1956 1861 2050 propriam
1899 1953 1972 2029 in
2013 1954 2234 2027 ubere
2280 1950 2627 2025 continuo
2666 1950 3076 2026 confluente
3120 1954 3189 2027 δι
3238 1960 3545 2028 manan-'

1137 2130 1146 2139 ,
1211 2071 1291 2127 te
1340 2055 1628 2126 habere.
1726 2048 1976 2125 Sensus
2019 2068 2193 2144 ergo
2243 2047 2347 2122 est
2379 2096 2404 2138 ,
2474 2045 2821 2124 beneficia
2855 2098 2880 2138 ,
2944 2071 3034 2125 ex
3079 2048 3341 2126 intimo
3383 2050 3525 2138 Dei

1212 2147 1505 2222 adfectu
1547 2167 1713 2243 erga
1765 2160 2232 2238 peccatores,
2305 2143 2627 2241 indignos
2694 2146 2763 2219 δι
2808 2146 3132 2236 miseros,
3198 2164 3403 2237 orta,
3452 2149 3522 2222 δι

1208 2244 1306 2318 de
1359 2265 1452 2318 eo
1494 2241 1813 2318 testantia
1839 2294 1864 2334 ,
1927 2238 2499 2318 abundantiffime
2543 2240 2742 2316 fuiss'e
2782 2242 3133 2318 Gentibus
3175 2244 3521 2320 concess‘a.

1212 2338 1435 2442 Quod
1503 2340 1630 2437 ipfi
1686 2340 1787 2413 illi
1848 2340 2095 2435 populi
2150 2341 2226 2412 in
2278 2338 2518 2412 laudes
2550 2338 2708 2411 ‚Dei
2753 2354 2950 2436 grata
2988 2355 3230 2415 mente
3274 2364 3523 2440 agnos·

1204 2460 1377 2514 cere
1449 2440 1518 2513 δι
1575 2438 2078 2518 concelebrare
2119 2436 2669 2511 introducuntur
2699 2484 2724 2523 ‚
2796 2437 2915 2511 ubi
2971 2439 3219 2513 dicunt
3248 2488 3273 2527 ‚
3314 2436 3521 2535 super

1200 2558 1322 2612 nos
1363 2539 1748 2610 exuberavit
1786 2539 2013 2630 gratia
2060 2535 2257 2633 ejus..
2322 2532 2468 2609 Sibi
2504 2532 2741 2626 itaque
2761 2580 2786 2620 ,
2830 2533 2898 2604 ὅτ.
2939 2554 3087 2608 non
3132 2534 3368 2624 Israeli
3421 2536 3516 2611 fa-

1195 2631 1321 2713 ‚aa
1383 2630 1729 2705 beneficia
1795 2629 2271 2725 depraedicant
2344 2631 2487 2705 laeti
2554 2628 2622 2702 ἀ
2688 2630 3202 2726 gratulabundi.
3301 2631 3519 2734 Quod

1208 2727 1465 2801 Paulus
1506 2724 1883 2800 confirmat
1919 2726 2133 2799 Rom.
2179 2747 2297 2797 xv:
2344 2748 2413 2817 9.
2474 2726 2638 2813 ubi,
2686 2726 2960 2802 Gentes
3007 2728 3516 2805 demonstratu-

1202 2844 1326 2919 rus
1390 2821 1628 2898 Deum
1681 2819 1882 2916 super
1921 2820 2359 2917 misericordia
2424 2818 2822 2917 glorificare
2852 2873 2878 2913 ‚
2958 2821 3193 2900 nostra
3238 2849 3520 2922 quoque

1213 2919 1365 2994 haec
1411 2921 1635 2995 verba
1675 2919 1892 3009 αἰτεῖς
1935 2941 2189 2995 verum
2232 2939 2483 2993 eorum
2526 2916 2796 2994 sensum
2837 2918 3253 3012 ostendens,
3305 2945 3519 3018 quem

1207 3016 1400 3092 dedi.
1509 3016 1717 3098 Plura
1765 3018 1853 3091 ad
1914 3038 2168 3093 eorum
2228 3013 2664 3092 intelletiurn
2727 3016 2900 3090 nihil
2966 3017 3237 3095 adtinet
3276 3041 3521 3114 protu-
3578 3092 3586 3109 ,

1208 3115 1361 3193 liffe
1387 3163 1417 3203 ,
1497 3135 1662 3190 cum
1713 3111 1802 3185 de
1858 3113 2065 3196 sensu
2122 3135 2369 3190 eorum
2423 3113 2695 3188 nemini
2753 3135 2902 3187 non
2960 3135 3048 3189 ex
3120 3120 3520 3194 oeconomia

1204 3214 1444 3312 gratiae
1500 3208 1801 3287 constet.
1918 3209 2094 3286 Non
2137 3209 2542 3287 communia
2581 3209 2649 3282 δι
2703 3212 3097 3286 communis
3140 3213 3520 3290 Providen-

1208 3312 1329 3385 tiae
1355 3356 1399 3399 ,-
1452 3307 1570 3384 sed
1614 3307 1979 3406 ssngularia
2026 3306 2309 3382 foederis
2346 3306 2580 3404 gratiae
2627 3309 2817 3382 bona
2842 3356 2868 3398 ,
2950 3313 3403 3402 peccatorem
3442 3314 3518 3388 in

1206 3406 1344 3577 {gc
1386 3407 1456 3480 δε
1495 3406 1741 3484 futura
1785 3405 1931 3481 vita
1973 3406 2259 3482 beantia·
2292 3403 2359 3478 dc
2384 3399 2870 3499 perficientia,
2918 3405 3257 3505 intelligi,
3308 3407 3515 3485 facile

1354 3520 1526 3577 aret,
2047 3530 2052 3535 ·

1306 3525 1377 3689 ξ.
1408 3598 1558 3674 Xll.
1609 3603 1907 3679 Addunt
1988 3605 2059 3678 h.
2120 3598 2208 3686 ἐξ
2237 3603 2488 3673 veritas
2530 3595 2807 3697 Jebovae
2850 3604 2921 3672 in
2950 3615 3304 3696 triarnum,
3365 3627 3515 3704 gra-

1207 3700 1392 3784 tiam³
1421 3693 1548 3768 fibi
1588 3700 1984 3794 conceffam
2032 3698 2122 3772 de
2170 3693 2506 3790 promiffis
2531 3744 2556 3785 ,
2619 3695 2686 3770 δι
2731 3702 3093 3772 veracitate
3135 3699 3277 3774 Dei
3321 3702 3396 3778 in
3431 3706 3511 3781 iis

1203 3789 1576 3890 implendis
1603 3843 1632 3886 ‚
1702 3796 1936 3876 testari
1964 3845 1994 3892 ,
2089 3789 2575 3896 fignificantes.
2696 3787 2960 3870 Veritas
3018 3792 3297 3897 Jehovae
3352 3798 3455 3873 est
3480 3849 3505 3891 ,

3312 3918 3515 3994 quam

1293 4028 1335 4079 a
1375 4005 1455 4080 Iu
1494 4005 1659 4096 laet.
3337 4012 3339 4015 ’

2647 4982 2955 5006 .----“““-
3011 4982 3059 4990 ‘'-
3155 4978 3179 4986 ·'·
3263 4974 3339 4986 ’-

2354 4994 2647 5016 -ῌ-ἒ-
