3984 5159
540 558 618 645 tra
673 475 789 666 PS
836 542 873 621 A
918 542 953 624 L
998 544 1060 625 ll,
1126 546 1275 627 Cxxl.
1414 578 1485 651 ²73

321 750 389 807 nec
418 751 505 809 cum
535 730 668 807 tuitura
693 730 891 809 videbatur.
955 730 1087 813 Ansam
1108 734 1195 813 mihi
1214 736 1286 823 hoc
1312 737 1481 833 opinandi

303 830 473 921 -praebuit
514 853 548 902 a.
569 829 667 922 quod
687 828 814 903 corea
833 828 998 925 promiffa
1018 830 1111 905 circa
1135 830 1241 909 status
1268 834 1480 930 conseruatio-

318 943 401 998 nem.
415 925 626 1014 versentur,
674 929 701 999 l.
723 926 958 1024 interrogatio
979 928 1057 1018 illa,
1083 933 1302 1006 attollerentur
1317 936 1421 1005 oculos
1437 935 1481 1003 ad

317 1024 535 1098 montosae:
558 1022 593 1095 δι
621 1019 829 1118 responsum
852 1043 938 1099 mox
959 1023 1150 1115 additum,
1182 1030 1346 1101 auxilium
1369 1052 1475 1102 meum

312 1116 363 1209 asi
384 1123 476 1215 opud
503 1116 694 1216 Jelooam,
729 1142 796 1213 pro
816 1119 1005 1213 hypothes
1034 1118 1392 1214 haberevideantur,
1427 1125 1473 1199 de

314 1212 411 1289 statu
432 1217 497 1290 illo
510 1217 645 1291 tuendo
659 1215 762 1291 fuisse
778 1215 976 1294 dubitatum
991 1217 1087 1292 inter
1101 1218 1262 1295 homines
1277 1222 1367 1297 illius
1384 1237 1473 1297 tem-

312 1314 438 1405 poris,
458 1313 494 1386 dt
512 1314 641 1387 multos
654 1312 787 1409 sparsos
802 1312 905 1388 fuisse
920 1334 1083 1389 rumores
1101 1318 1309 1393 contrarios.
1361 1317 1471 1417 Quod

313 1430 401 1482 cram
416 1410 523 1506 mrlgo
536 1407 697 1485 accidere
713 1409 843 1500 soleat,
873 1409 1015 1506 quando
1028 1410 1176 1503 persona
1189 1415 1345 1507 quedam
1358 1438 1468 1501 recens

314 1502 370 1579 est
384 1496 524 1593 evada,
556 1506 715 1583 nondum
737 1505 1003 1585 confirmatam
1023 1526 1069 1581 eo
1092 1505 1201 1599 statu,
1235 1510 1318 1588 binc
1347 1513 1466 1609 colligi

313 1600 414 1696 posse
435 1600 656 1695 censuerim,
679 1603 863 1700 personam
882 1603 974 1680 hant
985 1602 1080 1679 haud
1093 1602 1142 1677 ita
1154 1606 1294 1699 pridem
1310 1607 1411 1685 fuisle
1425 1610 1465 1687 iu

296 1700 422 1776 ·alturn
438 1700 620 1778 sublatam.
787 1775 791 1781 .
917 1777 922 1786 .
1129 1776 1133 1784 .
1177 1779 1181 1791 ,

240 1836 243 1842 ¹
359 1802 394 1889 §.
414 1796 478 1873 IV.
510 1797 736 1893 Argumento
760 1801 796 1875 in
819 1799 936 1875 lucem
961 1794 1162 1894 protrusio,
1186 1802 1366 1892 methodus,
1393 1821 1464 1897 qua

303 1893 394 1967 illud
420 1892 674 1988 pertractatur,
712 1900 825 1976 verbo
847 1895 900 1970 est
921 1895 1201 1972 demonstranda.
1251 1896 1293 1974 ln
1317 1898 1407 1992 stylo
1425 1900 1478 1975 dc.

302 1988 476 2065 struitura
490 1992 633 2085 poetica
647 1992 733 2066 nihil
748 1992 800 2067 est
813 1991 979 2084 difficilis,
998 2007 1059 2068 aut
1074 1992 1347 2089 singularis‚·nifi
1360 1997 1457 2091 quod

305 2085 455 2165 dubium
472 2087 734 2183 quodammodo
756 2089 817 2181 fit,
842 2112 928 2165 num
946 2111 1016 2165 una
1031 2089 1386 2187 eademquepersona
1405 2094 1457 2166 lo·

306 2200 453 2277 quatur,
488 2187 646 2275 undae,-
670 2187 781 2261 itaut
802 2186 973 2281 persona,
1008 2209 1084 2281 quae
1113 2188 1234 2263 Psalmi
1260 2187 1454 2281 subicsium
1495 2205 1499 2213 '

291 2278 380 2369 ·est,
418 2282 581 2375 incipiat,
610 2284 719 2357 altera
746 2282 935 2358 continuet
962 2304 1028 2377 par
1053 2285 1199 2359 modurn
1220 2284 1452 2381 responfiortis,

289 2376 517 2453 'orationem
565 2376 724 2454 Dubium
745 2402 789 2453 ex
812 2401 859 2452 eo
881 2381 1017 2467 oritur,
1049 2380 1166 2469 quod,
1200 2401 1281 2455 cum
1301 2382 1452 2473 persona

179 2564 183 2571 .
301 2472 399 2547 dese
417 2477 454 2549 in
475 2474 586 2569 prima
603 2474 751 2570 persona
767 2476 886 2551 suisset
898 2476 1037 2564 locuta,
1062 2474 1152 2549 vers.
1174 2494 1207 2564 1,
1226 2496 1281 2564 2«,
1306 2476 1450 2571 morse·

296 2574 404 2645 cunda
417 2570 569 2667 persona
588 2573 794 2648 adhibeatur
808 2574 897 2647 vers.
915 2592 948 2665 3.
964 2572 1032 2645 &u
1051 2592 1119 2664 qua
1134 2569 1178 2643 ad
1185 2570 1286 2645 aliam
1295 2568 1448 2648 flestitur

175 2656 178 2662 ’
292 2662 423 2745 sermo.
457 2668 569 2841 {aad
591 2670 722 2765 duplici
744 2672 882 2745 ratione
904 2667 1069 2761 explicari
1090 2665 1228 2781 potest,
1250 2668 1311 2740 vel
1333 2684 1372 2744 ut
1386 2692 1443 2744 ea·

282 2762 378 2841 ⁴dem
398 2788 463 2861 per
478 2789 550 2841 ona
565 2765 601 2839 se
623 2768 841 2861 alloquatur,
866 2768 1029 2859 suamque
1045 2760 1211 2839 fiduciam
1225 2760 1260 2839 u
1275 2762 1373 2859 spem
1387 2764 1444 2843 fir·

290 2864 387 2951 met,
415 2864 474 2935 vel
498 2863 624 2938 utalia
646 2865 795 2958 persona
818 2861 999 2938 introduci
1022 2862 1227 2953 censeatur,
1260 2882 1337 2939 eam
1357 2886 1441 2961 pru·

279 2958 396 3033 'miffis
416 2960 606 3036 lutulentis
627 2964 787 3057 erigens:
814 2961 909 3053 quod
932 2975 1122 3055 utrumque
1145 2959 1289 3039 defendi
1311 2962 1439 3055 potest,

282 3054 417 3147 Forte,
443 3079 525 3132 cum
548 3057 695 3152 persona
709 3057 803 3132 suam
816 3056 980 3133 fiduciam
995 3058 1032 3131 in
1048 3056 1187 3151 Jehova
1202 3057 1439 3151 explicuisset,

279 3174 365 3230 eam
386 3154 521 3249 Spiritu
544 3156 757 3253 prophetico
786 3170 987 3250 correptam
1012 3154 1113 3229 fuisse
1134 3174 1209 3230 non
1229 3155 1351 3320 ineKte
1371 3150 1437 3227 sta-

274 3254 420 3341 tuitur,
445 3250 541 3326 unde
554 3253 713 3348 persone
729 3253 879 3329 mutatio
894 3252 999 3327 facile
1018 3252 1184 3347 explicari
1198 3266 1284 3345 pute
1315 3245 1435 3327 ..Cum

271 3349 379 3424 ‘enirn
401 3350 548 3442 Spiritus
572 3350 822 3444 propheticus,
860 3350 918 3443 qui
939 3348 1095 3423 futuram
1117 3339 1434 3457 statusconfirma

272 3448 421 3523 tionem
444 3448 696 3539 pollicebatur,
718 3460 741 3522 'a
762 3447 851 3523 vers.
868 3470 901 3537 3.
935 3444 1131 3518 sermonem
1147 3442 1211 3537 ipsr
1226 3438 1442 3534 inspiraret,

266 3540 377 3618 reete
393 3543 437 3616 ad
449 3543 555 3636 ipsam
578 3542 762 3638 personam
786 3542 946 3638 dirigitur
959 3540 1087 3614 oratio.
1136 3536 1320 3651 Etstcnim
1335 3536 1431 3617 idem

272 3641 508 3735 loqueretur,
527 3644 777 3736 ¹loquebantur
809 3656 928 3715 tamen
950 3636 987 3709 in
1013 3656 1059 3709 eo
1079 3635 1139 3706 duo
1164 3654 1356 3745 prmcrpra,
1380 3638 1428 3711 al.

264 3752 394 3815 'terum
412 3741 609 3829 humanam,
632 3739 781 3815 alterurn
796 3736 987 3812 Divinum:
1012 3731 1185 3807 humanus
1197 3731 1344 3827 Spiritus
1356 3734 1426 3829 pri·

270 3858 333 3911 ma
354 3832 504 3929 persona
536 3832 760 3912 affedlionem
789 3834 894 3910 animi
916 3829 1135 3925 explicabat,
1167 3826 1323 3914 Divinus
1345 3852 1425 3943 pru·

262 3930 377 4007 ‘millis
402 3930 651 4008 confirmabat:
681 3934 718 4007 in
739 3956 812 4026 quo
826 3926 1088 4026 acquiescimus.
1138 3924 1220 4000 Nec
1236 3938 1354 4003 tamen
1373 3948 1427 4003 ru·

260 4030 444 4121 tercado,
469 4031 705 4124 quotnirrusin
722 4031 790 4109 ode
804 4026 976 4201 cogitanda
990 4022 1066 4103 duae
1080 4022 1254 4125 persona,
1279 4023 1425 4194 vgllglgb

256 4142 265 4155 .
382 4167 389 4179 ,
888 4145 925 4202 m
1386 4160 1422 4211 ,ἢ
