3984 5159
502 518 625 595 Ἤ,
659 500 662 509 ·
699 504 728 583 p
774 502 799 595 s
845 505 963 618 Μ.
994 506 1104 601 'Mil
1142 495 1325 601 QXVn-'l
1437 545 1496 631 rur,

327 697 391 825 1²77v
410 696 545 776 Mortui
571 722 635 775 narr
657 700 836 776 laturum
856 694 950 799 Jalr,
974 722 1033 775 raet
1052 705 1118 779 ulli
1132 703 1348 800 infirmatam
1362 710 1495 812 roscen

329 938 385 1011 18.
411 819 770 1027 ginireossitnedicemor
788 926 862 1028 Jab
877 952 899 1003 a
915 954 1002 1007 nanc
1017 931 1060 1019 δ’
1077 939 1113 1009 io
1130 949 1297 1018 aternam.

417 1128 1484 1351 prouocarent*

855 1494 888 1580 §.
914 1489 940 1565 l.

352 1654 355 1661 ’
424 1662 663 1761 Rgumentum
685 1658 814 1735 cantici
835 1628 913 1747 est',
938 1660 1068 1754 partim
1091 1638 1196 1742 aaut
1214 1667 1258 1743 ad
1273 1667 1476 1747 Deum-no.-

449 1762 544 1835 mine
567 1759 691 1855 populi
713 1757 824 1833 totius
844 1755 957 1845 farta,
983 1780 1051 1851 qua
1070 1757 1242 1855 supplices
1255 1784 1407 1857 petunt,
1429 1783 1472 1844 ut

319 1856 554 1945 liberationis,
580 1857 641 1931 fibi
662 1877 744 1930 cum
766 1869 824 1929 tot
843 1856 1020 1948 tantisque
1042 1856 1228 1945 majestatis
1251 1860 1474 1939 &bonitatis

219 2032 224 2037 ,
315 1952 459 2029 Divinae
489 1954 589 2053 signis
616 1950 815 2040 concellae,
847 1952 958 2049 gloria
989 1974 1064 2029 non
1085 1953 1169 2044 fibi,
1194 1955 1299 2031 abfitl
1331 1956 1469 2033 sed-soli
1616 2017 1619 2023 .
1752 1941 1754 1944 ⁵

317 2046 399 2125 Deo
420 2052 544 2139 cedat,
569 2048 639 2123 stre
666 2064 707 2125 ut
729 2048 826 2121 Deus
845 2045 999 2139 efficiat,
1023 2070 1105 2123 cum
1123 2050 1394 2149 prosperitatem
1407 2078 1469 2151 au·
1500 2128 1504 2133 .

316 2148 434 2242 gendo
455 2146 697 2235 &firmand0,
722 2160 799 2225 tum
813 2142 865 2219 sui
878 2144 1043 2221 notitiam
1057 2152 1260 2239 perorbetn
1274 2172 1469 2250 propagan-

313 2244 382 2335 do,
397 2260 440 2319 ut
474 2245 615 2319 entibus
627 2242 742 2319 omnis
755 2264 830 2317 non
843 2252 981 2317 tantum
995 2243 1164 2335 eripiatur
1180 2245 1317 2322 occaso
1331 2248 1365 2323 dt
1377 2271 1467 2344 prae·

313 2352 430 2427 textus
493 2363 538 2415 eo
564 2340 721 2428 Israelis,
747 2340 892 2432 ejusque
914 2337 1103 2435 religioni,
1134 2342 1341 2433 insultandi,
1369 2348 1466 2438 quod

311 2438 422 2513 modo
442 2438 476 2512 dt
496 2438 585 2533 saepe
597 2436 680 2511 alias
691 2436 874 2523 fecerant,
898 2433 959 2509 sed
973 2436 1008 2507 &
1021 2434 1143 2516 Deum
1155 2438 1291 2530 lsraelis
1303 2443 1463 2515 revereri

311 2536 347 2610 dt
367 2533 585 2633 glorificare,
618 2534 816 2609 idololatria
837 2530 953 2619 missa,
986 2531 1123 2608 discant
1147 2535 1386 2629 &incipianta
1411 2561 1467 2613 rat
1559 2540 1563 2545 ’

275 2720 278 2727 ,
309 2632 410 2708 tione
439 2649 612 2711 movente
634 2652 717 2707 cunt
739 2632 783 2705 ab
799 2628 943 2707 immani
960 2627 1161 2711 discrimine
1175 2630 1371 2725 Jebovae&
1386 2635 1461 2709 ido·
1563 2720 1568 2730 .

307 2728 448 2820 lorum,
474 2731 570 2823 quod
585 2732 643 2803 hic
659 2728 804 2824 egregie
817 2726 1041 2822 depingitur,
1066 2742 1142 2803 tum
1156 2750 1178 2803 a
1193 2728 1464 2809 circumstantiis

306 2840 540 2919 temporum,
573 2824 697 2918 quibus
728 2822 822 2897 idola
842 2838 943 2898 erant
963 2818 1170 2917 prostituta,
1195 2826 1230 2902 dt
1250 2850 1384 2905 nomen
1402 2827 1460 2923 Je.

306 2920 417 2996 hovae
437 2922 578 2999 celebre
599 2917 796 3008 redditum,
820 2918 949 3013 petita:
973 2920 1102 3013 partim
1120 2924 1303 2997 adhortatio
1325 2925 1368 2999 ad
1383 2949 1459 3004 om·

305 3021 359 3093 nis
374 3018 507 3094 ordinis
522 3018 714 3108 Israelitis,
739 3016 776 3090 in
817 3018 987 3112 opulum,
1013 3017 1229 3110 Aaronidas,
1246 3021 1459 3097 &timentes

277 3142 279 3147 ·
303 3115 474 3211 Jehovae,
496 3113 691 3205 distindlos,
711 3039 911 3204 diseamus
924 3110 1088 3189 fiduciam
1100 3114 1139 3189 in
1157 3114 1260 3202 Deo,
1274 3136 1383 3212 quem
1398 3131 1457 3193 au·

301 3214 424 3290 xillum
439 3213 474 3288 &
488 3216 653 3309 clypeum
673 3212 772 3288 suum
793 3212 928 3305 experti
942 3224 1063 3300 erant,
1089 3211 1164 3287 solo
1181 3213 1381 3299 collocent,
1403 3214 1455 3287 uti

265 3365 269 3373 .
301 3310 509 3403 faciebant,
540 3312 577 3386 in
607 3309 789 3405 superiore
811 3306 986 3383 beneficio
999 3310 1236 3398 liberationis,
1260 3331 1332 3401 quo
1353 3308 1455 3387 Deus

301 3412 487 3495 retardatus
503 3422 573 3482 erat
591 3412 723 3505 populi,
747 3427 815 3481 nec
836 3426 911 3480 non
926 3406 962 3478 in
978 3404 1225 3498 promissorum
1240 3406 1454 3483 benedidio·

220 3527 223 3535 ·
295 3506 356 3581 nis
373 3506 406 3579 dt
425 3505 725 3601 multiplicationis
742 3500 843 3597 supra
856 3502 996 3588 Patres,
1022 3504 1156 3596 popolo
1171 3500 1366 3594 fastorum,
1389 3506 1452 3582 im.

300 3602 506 3697 plement0,
531 3626 627 3679 nunc
643 3598 945 3696 re'praesentando,
970 3597 1279 3695 fundaminum
1298 3601 1453 3697 denique

302 3713 417 3772 aotam
437 3723 503 3794 pro
517 3702 650 3775 Israelis
665 3694 921 3793 prosperitate,
947 3717 1029 3772 cum
1047 3712 1150 3771 certo
1158 3693 1316 3793 propofiro
1328 3698 1470 3781 Deum·

299 3794 337 3869 in
353 3796 425 3871 vita
439 3796 655 3896 glorificandi
670 3792 909 3888 conjuntturn
1060 3854 1070 3883 „
1545 3878 1549 3887 ,

348 3897 380 3985 §.
394 3894 436 3969 ll.
460 3898 565 3971 lsrael
592 3896 663 3970 boc
689 3894 727 3967 in
748 3892 889 3968 cantico
913 3914 945 3967 1.
977 3892 1199 3970 occurritis
1217 3892 1450 3986 tresclalles,
1503 3904 1508 3914 '

299 3994 357 4067 vel
367 3994 532 4089 ordines,
553 3988 751 4084 dillinslus,
775 3990 813 4067 in
830 3986 1024 4088 populum,
1048 3990 1195 4074 domum
1213 3991 1388 4090 Aesoni,
1402 3991 1448 4162 ίξι

178 4138 183 4145 .
1334 4110 1401 4181 pro
1438 4134 1450 4149 .
