3984 5159
572 570 648 627 nn
721 547 1085 626 PSALM.
1159 545 1342 633 cxvza.
1470 554 1514 631 δι

357 697 511 823 indicat,
537 688 826 828 quare'duerenr?
851 728 885 801 b.
911 748 943 803 e.
966 726 1152 803 absurdum
1167 720 1202 801 dc
1217 727 1424 806 indecorum
1441 724 1513 821 est,
1574 800 1576 807 ⁴

359 848 399 909 ut
425 835 493 906 hoc
507 828 652 903 faciant.
701 828 735 901 A
753 848 920 919 quocum
939 842 1064 921 gentes
1078 826 1285 915 absterreri,
1310 830 1368 899 vel
1386 824 1513 900 abstra-

357 931 395 1003 bi
416 940 615 1022 nequeant,
648 922 711 999 nisi
741 930 848 1018 gloria
875 922 1028 995 nominis
1059 918 1130 991 Dei
1158 920 1356 997 innotescat
1387 923 1513 997 Genti·

355 1016 440 1101 bus:
482 1045 584 1117 quarn
614 1036 695 1114 apte
717 1020 800 1103 hinc
822 1034 964 1111 petatur
985 1015 1178 1107 instantia,
1206 1019 1309 1091 facile
1329 1020 1507 1095 elucescit.

354 1122 441 1195 Duo
474 1116 683 1213 potillimum
713 1116 980 1209 requirebantur
1004 1116 1047 1187 ad
1068 1114 1418 1190 contumeliosum&
1442 1118 1506 1194 im·

235 1200 239 1221 ‘
353 1221 508 1313 probum
522 1216 591 1287 boc
605 1212 732 1287 dissum
747 1215 840 1287 inter
856 1212 991 1287 Gentes
1006 1211 1242 1301 abolendum,
1275 1216 1438 1300 alterum,
1464 1228 1507 1289 ut

353 1316 442 1409 reip.
458 1310 660 1385 &Ecclesia
676 1309 983 1398 instaurationem,
997 1332 1070 1383 non
1088 1308 1167 1383 casu
1181 1310 1213 1381 dr
1229 1308 1381 1384 humana
1397 1310 1506 1388 virtu·

354 1423 414 1499 te,
439 1408 497 1483 sed
519 1406 650 1481 Divina
670 1430 740 1503 ope
762 1406 862 1481 fuisse
885 1406 1010 1481 fastam
1031 1406 1230 1503 intelligant
1241 1406 1398 1495 Gentes,
1422 1412 1504 1482 ulte·

353 1530 447 1595 rum,
477 1520 519 1579 ut
546 1508 704 1577 durabilis
730 1504 772 1577 fit
800 1504 879 1578 laeta
902 1504 959 1577 illa
980 1504 1104 1597 populi
1124 1502 1235 1595 Judaei
1256 1503 1437 1592 conditi0,
1468 1507 1503 1579 dr

221 1658 226 1665 ·
351 1604 459 1701 magis
479 1601 657 1699 magisque
677 1598 888 1694 perficiatur.
937 1601 1015 1677 Hac
1040 1601 1178 1674 ratione
1191 1596 1280 1673 ficut
1296 1623 1376 1675 curn
1390 1600 1501 1693 pudo.

349 1722 388 1773 re
411 1696 576 1773 confiteri
594 1700 747 1773 debeant
761 1698 917 1785 Gentes,
943 1695 1015 1781 sese
1033 1711 1195 1789 tempore
1210 1694 1415 1770 adflistionis
1429 1721 1500 1772 ma·

264 1804 270 1815 “
349 1796 388 1869 le
407 1792 581 1870 insultasse
600 1794 683 1868 Deo
704 1794 924 1889 Judaeorum,
949 1793 983 1865 δι
1006 1793 1169 1889 religioni
1190 1791 1286 1881 ejus3
1319 1792 1369 1865 ita
1385 1794 1421 1866 in
1435 1817 1499 1887 po.

237 1898 240 1907 ’
347 1891 478 1967 sterum
499 1895 607 1967 abeo
629 1890 864 1981 abstinerent,
896 1912 964 1965 nec
985 1889 1123 1964 occasio
1144 1889 1273 1962 iterum
1293 1887 1329 1960 id
1345 1889 1499 1965 faciendi

347 1988 424 2085 ipfis
453 1988 670 2083 suppeteret.
731 1986 819 2087 Qua
841 1988 914 2061 duo
940 2008 1022 2061 cum
1043 1986 1223 2081 superiore
1244 1984 1349 2059 versu
1369 1984 1496 2082 suppli·

346 2086 496 2174 callent,
520 2084 682 2160 instantia
697 2084 771 2159 haec
787 2099 867 2177 apte
883 2082 1039 2177 quadrat.
1244 2172 1247 2179 Ι

394 2188 428 2273 §.
443 2182 539 2256 XVl.
565 2182 733 2257 Ceterum
756 2180 926 2255 sarcastici
948 2180 1050 2270 diui,
1074 2202 1139 2276 per
1158 2181 1494 2279 interrogationem,

346 2278 490 2353 sortiter
511 2290 720 2374 negantem,
746 2277 934 2371 propositi,
960 2278 1075 2353 sensus
1100 2276 1170 2368 est,
1192 2295 1232 2354 ut
1249 2279 1353 2351 facile
1373 2296 1492 2375 patet,

344 2372 537 2468 Jebouam,
562 2376 681 2449 Deum
697 2375 848 2463 Israelis,
872 2376 933 2449 vel
946 2384 1020 2450 non
1035 2372 1200 2463 existere,
1232 2375 1302 2447 elle
1318 2398 1391 2448 non
1407 2398 1492 2465 ens,

342 2470 464 2565 fidium
485 2472 623 2565 aliquod
644 2472 884 2569 imaginarium
912 2470 1076 2561 Numen,
1102 2487 1141 2545 ut
1154 2470 1204 2544 Ps.
1221 2492 1295 2545 xrv.
1310 2468 1429 2559 llultus
1443 2475 1491 2545 di·

341 2576 389 2642 cr't
409 2576 445 2642 in
468 2572 579 2659 corde,
605 2566 699 2641 Deus
720 2593 784 2641 non
805 2566 869 2661 est,
896 2568 959 2661 'vel
981 2568 1151 2661 populum
1173 2582 1234 2640 aut
1254 2589 1328 2640 non
1344 2588 1489 2659 curare,

341 2681 402 2740 aut
419 2666 566 2740 liberare
586 2689 659 2739 non
685 2664 803 2760 polle;
827 2666 986 2757 adeoque
1004 2665 1175 2739 Gentium
1189 2662 1266 2737 Diis
1278 2664 1383 2759 longe
1399 2663 1488 2737 infe·

340 2764 492 2850 riorem,
523 2758 699 2853 nulloque
715 2764 814 2835 cultu
836 2761 988 2856 dignum.
1014 2759 1098 2857 Quo
1115 2760 1208 2834 disto
1224 2758 1385 2833 insultare
1400 2758 1488 2835 sole·
1552 2825 1556 2829 ,

339 2858 423 2930 bant
438 2858 576 2945 Israeli,
602 2872 764 2951 tempore
780 2860 893 2953 gravis
908 2856 1131 2947 adflictionis,
1156 2858 1190 2930 u
1205 2857 1428 2945 calamitatis,
1442 2859 1487 2933 ab

338 2947 497 3027 hostibus
518 2954 640 3045 illatae,
685 2976 740 3027 uae
755 2976 834 3029 curn
849 2956 972 3047 populi
986 2952 1221 3029 destrustione
1239 2970 1333 3040 erat,
1360 2956 1418 3025 vel
1434 2957 1487 3028 vi-

337 3050 504 3138 debatur,
530 2978 736 3141 conjunda:
762 3072 803 3123 ea
824 3053 894 3124 nixi
914 3050 1119 3145 hypothefi,
1145 3052 1266 3145 populi
1290 3048 1417 3125 statum
1431 3052 1485 3125 fe'.

231 3230 234 3239 y
335 3148 459 3235 licem,
486 3147 543 3220 vel
560 3147 759 3237 infelicem,
774 3146 1018 3240 deNuminis,
1044 3149 1139 3243 quod
1156 3149 1483 3241 colit,qualitate&

333 3244 497 3337 potentia
510 3242 647 3335 testari3
674 3268 751 3341 quae
766 3247 962 3320 communis
978 3245 1049 3319 fuit
1062 3245 1232 3321 Gentium
1246 3247 1378 3339 opinio.
1395 3247 1493 3325 Haec*

333 3340 607 3417 indecentiffima
628 3344 662 3415 dc
683 3342 764 3415 Deo
784 3365 872 3417 vero
893 3343 1058 3431 injuriosa
1080 3340 1279 3437 insultatio,
1310 3366 1378 3437 qua
1393 3358 1481 3420 tem·
1540 3391 1545 3401 ·

331 3434 420 3533 pore
442 3438 649 3513 adllitlionis
676 3436 900 3533 Epiphanicae
922 3440 1056 3531 petitus
1082 3456 1158 3513 erat
1177 3438 1309 3527 Israel,
1343 3456 1384 3514 ut
1405 3442 1480 3534 ple·

1524 717 1548 759 Χ

331 3534 462 3611 nilsrme
485 3534 652 3625 cessaret,
681 3558 770 3628 opus
785 3550 886 3617 erat,
925 3549 967 3607 ut
990 3533 1218 3625 instauratio,
1256 3558 1324 3630 ope
1347 3537 1479 3613 Divina
1508 3592 1513 3595 -

278 3657 281 3663 ·
328 3628 440 3720 faua,
465 3631 647 3706 manifesta
667 3630 770 3705 fieret
790 3632 883 3707 inter
905 3647 1050 3729 gentes,
1074 3631 1196 3725 &ipsa
1210 3632 1268 3705 illa
1283 3634 1478 3714 durabilem

329 3730 457 3805 babeat
476 3728 652 3805 effectum.
709 3727 793 3827 Quo
813 3728 869 3803 hic
890 3732 1041 3807 omnino
1062 3731 1228 3805 collineat
1250 3731 1410 3811 instantia
1424 3736 1474 3811 su·

329 3827 510 3923 periurum
523 3849 689 3919 precum,
715 3846 756 3901 ut
772 3826 853 3901 dixi.
1419 3851 1421 3860 ·

381 3929 411 4013 §.
430 3920 541 3993 XVll.
593 3929 627 4011 β.
653 3924 950 4005 lndecentiam&
979 3924 1223 4025 indignitatem
1248 3928 1327 4002 diui
1348 3929 1476 4007 calum.

333 4020 440 4111 niosr,
466 4040 570 4113 quam
597 4020 734 4120 oratio,
755 4045 853 4119 quare
880 4026 1048 4193 digram?
1072 4024 1247 4143 involvit,
1272 4030 1476 4200 explicagirgs
