3984 5159
350 468 359 474 ’
409 525 483 583 ιι)
521 501 583 626 r
630 499 655 582 s
700 502 737 582 n
784 498 818 577 t
864 497 921 582 m,
993 497 1290 618 erranti.
1368 538 1439 618 ua

276 695 388 798 Quod
414 695 453 772 in
482 693 579 770 hunc
601 710 825 786 conventum
849 695 992 792 egregie
1014 705 1208 802 convenit,
1242 719 1318 782 tum
1340 710 1439 802 quod

278 795 422 872 dona&
443 814 593 870 munera
614 795 657 866 ab
682 791 846 867 omnibus
870 794 983 868 totius
1004 799 1131 891 populi
1145 803 1331 882 ordinibus
1356 807 1435 882 fue.

278 898 351 970 rint
381 895 418 968 in
442 914 488 966 eo
510 887 692 988 largiffime
716 891 891 978 exhibita,
923 896 1149 985 cumquod,
1189 901 1437 998 Hierosolyma

277 994 442 1070 omnium
458 988 630 1064 consensu
647 988 727 1064 sede
744 988 895 1084 regni&
911 991 1091 1086 religionis
1106 995 1317 1088 constituta,
1343 1005 1436 1076 deci·
1494 1029 1499 1052 ¹

276 1111 366 1179 me,
393 1089 583 1183 primitiae5
600 1088 734 1179 aliaque
755 1088 849 1162 dona
870 1089 907 1181 in
928 1089 1009 1160 ulus
1037 1085 1175 1178 sacros,
1208 1098 1250 1168 ab
1273 1099 1435 1174 israelitis

277 1188 425 1282 copiose
439 1187 483 1259 ad
501 1208 580 1282 eam
592 1185 658 1258 fint
672 1183 875 1257 deferenda.
918 1183 1034 1282 Quam
1050 1204 1131 1282 apte
1145 1189 1264 1282 itaque
1281 1217 1332 1266 ros
1347 1195 1436 1271 Hor.

253 1291 382 1361 ‘nonis
406 1284 535 1357 dicitur
556 1284 593 1356 in
621 1297 742 1356 montes
773 1279 898 1375 Tfionis
920 1280 1070 1374 defluere.
1127 1288 1158 1361 d.
1184 1287 1348 1384 Denique
1363 1317 1436 1385 ros,

279 1384 344 1478 qui
367 1385 449 1454 coelo
473 1379 699 1454 delabitur&
724 1379 794 1453 sme
817 1399 888 1473 ope
911 1378 1067 1455 humana
1089 1384 1238 1477 accidit,
1269 1405 1456 1484 tanquam

278 1483 399 1562 donam
428 1479 624 1568 Divinum,
656 1477 753 1570 quod
778 1477 821 1549 de
847 1476 1002 1570 supremi
1023 1483 1176 1555 numinis
1201 1483 1328 1559 favore
1350 1510 1434 1586 erga

198 1621 207 1628 -
278 1576 441 1651 homines
462 1575 631 1662 testatur,
662 1574 922 1664 confideratur,
948 1597 1064 1674 eoque
1077 1580 1224 1654 nomine
1243 1583 1441 1681 imaginem]

279 1672 426 1768 prefert
451 1672 676 1748 lenediilionis
704 1671 865 1761 Divinae3
898 1673 953 1746 uti
978 1675 1016 1748 in
1044 1675 1132 1748 locis
1154 1677 1295 1768 citatis,
1322 1683 1432 1762 Deut

279 1791 406 1846 xxxur.
431 1772 465 1845 δι
486 1771 580 1844 alibi.
631 1769 705 1842 Ros
727 1768 845 1862 itaque
869 1765 1068 1856 Hermonis,
1094 1792 1137 1846 ut
1149 1776 1435 1858 beneditionem

273 1866 347 1940 Dei
363 1867 466 1962 super
492 1882 573 1942 toto
591 1869 748 1961 populo,
773 1867 820 1940 lic
834 1874 918 1940 roris
933 1868 1025 1943 illius
1038 1869 1196 1963 delapsus
1212 1865 1432 1969 super‘mon·
1536 1913 1538 1918 ·

274 1978 329 2040 tes
345 1963 483 2040 Tlionis
495 1964 723 2058 repraesentat
737 1963 890 2054 sortem,
905 1988 1009 2058 quam
1024 1967 1271 2063 Hierosolyma
1286 1975 1433 2050 haberet

274 2064 493 2158 praecipuam
518 2064 557 2136 in
578 2085 621 2134 ea
642 2060 888 2136 benedistione
910 2065 1053 2157 populi3
1088 2080 1164 2142 tum
1183 2059 1287 2161 quod'
1304 2071 1432 2148 efferta

276 2161 313 2234 δι
345 2159 479 2233 frutius
503 2157 762 2234 beneditiionis
775 2181 821 2233 eo
836 2158 1093 2254 deferrentur,
1114 2180 1193 2246 *tum
1220 2169 1317 2261 quod
1332 2168 1433 2266 fignc

274 2257 409 2331 favoris
434 2257 506 2330 Dei
527 2279 610 2354 erga
630 2257 802 2353 populum
824 2259 882 2330 hic
905 2257 1198 2352 ostenderentur,
1232 2265 1265 2338 dt
1288 2269 1431 2343 exhibe·
1556 2342 1562 2350 ,

274 2357 583 2450 rentur,l)eoque
592 2371 701 2450 grates
716 2355 772 2443 hic
791 2345 930 2448 pubiice
947 2358 1164 2454 agerentura
1181 2376 1262 2435 toto
1275 2367 1432 2458 populor
1468 2417 1472 2424 -

274 2474 345 2546 qua
361 2453 498 2526 ratione
520 2475 580 2540 ros
599 2449 735 2525 israelis
758 2454 796 2527 in
814 2471 955 2527 montes
968 2453 1002 2526 's
1004 2452 1105 2528 ironis
1122 2455 1305 2534 deflueret.
1357 2461 1432 2536 Hu-

242 2593 245 2597 ,
271 2549 331 2643 jus
360 2549 610 2624 benediiiionis
642 2550 782 2626 Divinae
806 2555 841 2626 dt
864 2550 955 2647 figr’ra
974 2551 1010 2624 in
1035 2549 1086 2624 his
1111 2555 1262 2628 comitiis
1283 2556 1432 2644 fuerunt

269 2647 486 2740 conspicua,
511 2648 548 2720 &
570 2649 712 2742 publica
727 2645 815 2720 latta
832 2646 883 2721 est
898 2648 1112 2737 celebratio,
1138 2667 1179 2725 ut
1194 2673 1236 2725 er
1263 2675 1277 2725 1
1293 2653 1429 2732 chron.

272 2764 371 2820 xxix.
397 2744 549 2821 constat:
575 2768 680 2840 quam
704 2760 786 2838 apte
803 2747 920 2837 itaque
935 2768 1016 2820 cum
1031 2768 1102 2820 rore
1119 2747 1308 2824 Hermonis
1327 2751 1429 2846 luper

272 2859 416 2920 montes
430 2841 567 2916 Tfionis
581 2858 807 2935 comparatur
824 2842 880 2914 hic
895 2858 1085 2918 conventus.
1136 2869 1162 2920 e.
1187 2846 1280 2920 Addi
1296 2849 1429 2946 postre-

272 2963 337 3016 mo
357 2940 391 3014 dt
414 2941 500 3014 illud
526 2938 666 3034 potest,
689 2945 774 3011 roris
799 2941 972 3014 emblema
989 2941 1143 3034 usurpari
1161 2945 1204 3016 de
1219 2944 1334 3021 studio
1349 2950 1430 3022 reli·

270 3038 414 3138 gionis,
441 3039 585 3131 ejusque
612 3036 802 3126 exercitio,
834 3053 911 3113 tum
925 3042 1019 3133 quod
1034 3041 1148 3114 cultus
1164 3041 1231 3114 Dei
1247 3044 1288 3120 srt
1302 3044 1431 3136 coeleste
1521 3043 1524 3048 ’

270 3136 376 3232 quid,
401 3151 478 3211 tum
498 3135 594 3231 quod
614 3135 795 3229 pulchram
811 3139 963 3228 praebeat
979 3137 1150 3232 speciem,
1177 3155 1252 3236 tum
1269 3141 1363 3234 quod
1382 3163 1430 3216 ex

270 3239 386 3309 multis
409 3235 565 3326 partibus
594 3232 798 3308 coadunatis
820 3233 860 3308 sit
882 3235 1124 3328 compositus,
1170 3253 1247 3311 tum
1274 3238 1447 3332 denique⁴

271 3330 369 3425 quod
391 3331 529 3403 civitati
553 3333 587 3404 &
612 3331 775 3404 Ecclesia
796 3331 931 3420 vitam,
970 3332 1117 3420 florem,
1143 3335 1178 3407 dt
1201 3354 1318 3410 veram
1342 3357 1428 3410 con·

268 3429 483 3506 solationem
503 3449 543 3500 ac
564 3427 787 3523 refrigerium
800 3429 948 3502 adferat.
1001 3429 1054 3503 lta
1072 3428 1155 3504 Hos.
1173 3453 1224 3504 vr.
1241 3435 1427 3526 benignitas

162 3564 172 3571 r
269 3526 407 3602 israelis
421 3547 647 3620 comparatur
663 3549 734 3597 curn
755 3549 837 3599 rore.
889 3526 987 3598 Nihil
1003 3527 1044 3598 ad
1063 3527 1157 3599 hunc
1176 3529 1292 3602 locum
1308 3528 1357 3601 est
1373 3551 1429 3604 ac-

272 3625 540 3700 commodatius.
591 3625 698 3698 Hisce
718 3625 814 3698 enim
832 3629 868 3699 in
882 3623 1035 3696 comitiis
1050 3623 1294 3717 Hierosolyma
1309 3626 1359 3700 cst
1374 3650 1428 3704 re.

270 3723 412 3821 ligionis
428 3721 525 3796 sedes
540 3721 753 3812 constituta,
778 3722 811 3794 dt
826 3726 862 3796 in
880 3721 1097 3814 Templum,
1112 3724 1160 3797 ibi
1175 3725 1399 3801 condendum
1410 3775 1433 3818 ,.‚

271 3843 398 3896 omnes
429 3819 709 3909 consenserunt,
740 3818 960 3916 studiumque
989 3821 1167 3918 religionis
1195 3825 1229 3896 in
1253 3823 1427 3915 donariis,

271 3917 454 4016 largillime
485 3941 591 3992 manu
620 3917 836 4008 offerendis,
868 3917 1120 3994 ostenderunt:
1147 3923 1189 3994 ab
1220 3921 1289 3994 hoc
1309 3923 1428 4014 itaque
1510 3960 1520 3974 .

271 4029 436 4114 tempore
459 4017 602 4116 religio,
622 4039 642 4093 a
673 4032 754 4093 toto
778 4019 915 4189 pegulo
940 4015 1197 4116 Hierosolymis
1213 4023 1315 4100 unice
1331 4041 1430 4189 exg-

353 4167 357 4176 ,
860 4135 919 4190 οο
1299 4139 1368 4194 ceu
1419 4160 1446 4203 ‚-
