3984 5159
116 988 126 1059 i

116 1109 128 1162 c

117 1185 129 1260 :i

116 1308 131 1363 ι

116 1389 131 1461 ι’

118 1509 130 1562 ι

116 1608 131 1663 ι

116 1686 132 1764 i

116 1809 132 1873 ;Ι

116 1892 132 1964 'r

116 2008 131 2066 ι

116 2087 130 2164 i

116 2210 128 2265 r

116 2285 127 2364 i

116 2410 124 2467 ι

116 2510 122 2565 ι

117 3000 118 3055 i
235 2983 376 3057 ratione
400 2982 581 3055 cohaerent
601 2978 715 3076 versio
735 2981 905 3056 membra.
953 3003 985 3056 a.
1011 2981 1109 3056 Prien
1128 2979 1200 3072 est,
1225 2981 1390 3066 &tuno
1544 3011 1550 3026 ·

429 569 508 628 an
561 547 617 626 ,Ρ
667 550 694 628 S
740 552 777 629 A
824 550 857 629 L
902 553 960 632 M.
1030 553 1258 652 exulta.
1331 571 1403 667 687

245 747 328 822 dom
348 743 620 822 introductionis
640 745 824 840 premittit
844 745 1002 823 rationes
1021 763 1215 824 moventes
1232 747 1400 828 aderam

245 845 441 933 ditionem,
466 841 556 918 vers.
579 843 664 932 4-·6.
725 874 760 920 a.
786 841 947 943 Quarum
964 848 1075 940 prima
1096 847 1207 942 petita
1232 844 1401 930 cstaDei

241 943 495 1040 adprobatione
515 941 550 1016 n
569 941 870 1028 benevolam,
902 963 1007 1035 quam
1030 957 1196 1039 expertus
1210 959 1314 1022 antea
1328 945 1399 1022 fuir

241 1043 279 1115 in
294 1042 373 1133 via,
397 1039 552 1132 undique
568 1039 700 1134 laqueis
715 1039 750 1112 dc
763 1037 891 1114 insidiis
904 1037 949 1113 ad
962 1037 1075 1134 ipsum
1089 1040 1321 1120 irretiendum
1335 1046 1398 1118 ob·

240 1136 345 1228 sessa,
369 1159 438 1232 qua
459 1137 557 1211 Dens
578 1138 691 1235 ipsum
711 1135 814 1210 duxit
835 1136 871 1210 dc
884 1149 1020 1212 tutatus
1035 1133 1108 1225 est,
1134 1138 1223 1212 vers.
1267 1195 1277 1216 .
1326 1139 1401 1232 Et,

240 1238 302 1310 vel
318 1232 485 1333 profesio,
510 1250 549 1307 ru
573 1232 696 1328 novisti
708 1238 801 1307 mam
816 1238 1082 1327 meamregiamc
1103 1232 1223 1329 inipso
1240 1240 1399 1334 cisonio,
1550 1299 1553 1304 .

241 1357 307 1430 qna
326 1339 412 1406 itare
426 1331 592 1428 solebam,
614 1331 990 1424 contaminantem
1011 1333 1103 1406 mibi.
1135 1329 1170 1405 h.
1193 1351 1226 1406 e.
1251 1333 1399 1410 modum
1453 1337 1457 1344 '

241 1430 370 1527 agendi
390 1429 424 1502 ἃ
445 1428 589 1503 vivendi
608 1428 812 1524 publicum,
837 1445 945 1518 quem
965 1424 1148 1520 bucusque
1162 1429 1286 1520 tenui,
1312 1429 1401 1506 Tibi

180 1577 188 1617 3
241 1544 448 1623 acceptum,
465 1525 563 1600 fimul
579 1547 678 1600 curae
688 1523 880 1618 cordique,
893 1521 998 1598 fuiffe
1012 1522 1278 1616 demonstrasti,
1301 1527 1400 1622 oJe·
1489 1531 1490 1534 ‘

243 1623 362 1699 bova:
386 1625 436 1696 illi
458 1623 602 1717 quidem
621 1623 738 1696 inilia
757 1641 838 1694 mea
851 1619 933 1707 via,
957 1641 1026 1714 qua
1041 1619 1206 1698 incedere
1220 1623 1400 1719 solebam,

242 1721 290 1796 in
306 1721 387 1796 vitae
409 1743 498 1797 mea
522 1719 705 1807 instituto,
730 1716 827 1813 quod
845 1715 975 1806 habui,
1003 1717 1136 1793 infidias
1159 1719 1244 1795 mihi
1264 1723 1399 1797 struxe-

240 1833 346 1905 runt,
372 1840 434 1916 per
447 1815 561 1914 ipsum
573 1816 661 1888 illud
673 1812 873 1889 institutum
893 1814 980 1890 mibi
992 1835 1121 1892 necem
1137 1815 1278 1892 adferre
1292 1839 1400 1895 cona·

237 1916 290 2006 ti,
311 1913 376 1990 sed
392 1935 453 1989 tna
475 1915 561 1989 mibi
573 1910 708 2001 adfuit,
731 1932 790 1986 me
807 1910 909 1986 duxit
922 1910 957 1984 dr
972 1909 1104 1988 salvum
1120 1913 1300 2009 praestitit,
1313 1915 1398 1992 dex·

237 2027 323 2099 nac
359 2032 471 2102 eaque
498 2011 641 2085 ratione
665 2006 911 2084 demonstrasti
930 2025 969 2084 te
988 2007 1124 2084 novisse
1151 2013 1242 2088 viam
1265 2033 1395 2092 meam

238 2107 399 2203 Respicit
421 2107 542 2181 David
567 2106 619 2180 hin
649 2106 767 2182 verbis
788 2105 845 2181 ad'
860 2107 943 2181 vitae
966 2105 1166 2184 institutum
1190 2111 1397 2206 pubiicum,

239 2205 339 2300 qnod
360 2207 399 2280 in
421 2205 543 2280 medio
561 2227 708 2298 eorum,
732 2205 793 2297 qui
806 2221 902 2290 nunt
919 2205 1035 2298 palam
1047 2205 1264 2301 incipiebant
1279 2209 1395 2302 perse·

237 2303 324 2398 qni,
348 2324 415 2376 exe
441 2305 488 2392 't,
505 2303 541 2376 dr
555 2303 668 2398 palam
684 2324 806 2378 eoram
820 2299 903 2379 Deo
916 2299 1128 2394 profitetur,
1149 2301 1185 2378 se
1199 2304 1283 2380 Deo
1295 2305 1397 2382 ineo

238 2326 465 2494 adprobaflffez
491 2399 614 2494 &ejus
627 2397 769 2474 dotium
784 2419 825 2472 ac
838 2395 1063 2492 opemsuisie
1077 2413 1287 2492 expertum,
1307 2402 1393 2479 dnn

236 2499 290 2573 iiii
302 2495 437 2574 infidias
454 2497 517 2592 ipsi
530 2497 622 2574 clam
638 2493 853 2585 struxerint,
878 2493 1040 2591 adeoque
1054 2494 1092 2569 se
1106 2493 1176 2568 Dei
1190 2517 1259 2589 ope
1274 2510 1392 2576 cotun

236 2594 288 2671 sal
398 2617 443 2670 ue
461 2593 638 2684 mansisse,
663 2593 699 2668 dc
719 2606 885 2686 ereptum
900 2591 1004 2667 fuiffe
1017 2593 1183 2668 omnibus
1199 2614 1324 2669 eorum
1337 2596 1390 2670 in·

234 2693 339 2768 sidiis.
426 2693 556 2767 celarat
588 2716 622 2766 a.
636 2691 732 2766 viam
754 2687 850 2764 stram
865 2687 948 2763 Deo
963 2687 1067 2764 fuiffe
1081 2691 1284 2786 cognitam,
1309 2691 1393 2768 dein

235 2793 267 2862 i.
284 2789 463 2882 specimen
482 2790 558 2880 ejus
581 2787 794 2886 cognitionis
818 2786 958 2880 profert
971 2787 1011 2861 in·
1025 2807 1091 2876 eo,
1118 2785 1213 2882 quod
1228 2788 1321 2864 viam
1338 2790 1390 2864 in-

235 2884 327 2958 sidiis
345 2885 485 2978 plenam
506 2905 570 2977 per
592 2885 686 2958 hanc
705 2885 777 2960 Dei
799 2905 921 2960 curam
933 2881 1047 2958 salvus
1060 2884 1262 2961 calcaverit.
1311 2887 1391 2962 Hac

117 3088 119 3139 i
234 3077 319 3169 nidi
331 3084 424 3153 mam
440 3101 542 3190 onon
556 3082 691 3172 regiam.
708 3077 743 3152 lc
762 3098 795 3152 e.
819 3075 984 3192 profesio
1001 3090 1041 3154 tn
1056 3078 1259 3193 institutum
1268 3101 1390 3157 meum

117 3242 118 3313 ι
235 3171 1391 3368 tentatattttttntunnutriitt

235 3395 304 3466 que
324 3372 417 3445 retae
442 3371 615 3460 vertitur,
630 3368 806 3540 agroscam
837 3385 879 3446 nt
896 3369 987 3466 saepe
1009 3372 1100 3446 alias.
1164 3367 1228 3444 Vra
1243 3393 1321 3448 non
1335 3369 1386 3448 est

222 3472 374 3569 semita,
396 3469 457 3542 via
475 3490 629 3560 compen
656 3470 758 3556 mia,
782 3481 936 3557 trames,
960 3481 1004 3542 ut
1018 3469 1128 3566 vuigo
1141 3481 1306 3563 putator,
1326 3467 1397 3546 sed

234 3567 359 3654 strata,
385 3565 526 3659 publica
542 3564 575 3636 dr
594 3564 710 3660 regia3
735 3563 843 3637 arad.
862 3590 920 3639 nnn
934 3569 1091 3655 martit,
1124 3565 1218 3640 nnde
1231 3565 1385 3661 ria-pro-

233 3665 314 3760 prie
327 3667 488 3751 omnent,
519 3660 680 3756 adeoque
700 3657 805 3735 strata
818 3659 853 3735 δι
866 3682 904 3735 re
930 3662 938 3678 ‘
1002 3659 1063 3736 seu
1076 3663 1230 3758 publica.
1277 3662 1387 3741 intel«

233 3763 357 3859 ligitur
377 3763 496 3854 itaque
516 3757 714 3833 institutum
736 3759 883 3834 vivendi
904 3684 1302 3858 ffagendipnblicum
1323 3787 1387 3838 an·

235 3859 379 3934 toritate
398 3860 541 3951 publica
561 3857 759 3947 munitum,
789 3878 908 3932 coram
932 3858 1093 3934 omnium
1119 3858 1252 3948 otidis,
1285 3861 1385 3955 quod

235 3956 247 3972 '
272 3954 308 4029 se
327 3957 457 4036 tenuit.
504 3955 577 4069 Qui
595 3951 799 4029 satie-noem
823 3953 874 4028 est
895 3961 960 4030 oia
981 3951 1189 4054 significatos
1202 3953 1386 4054 figuratus.

233 3979 352 4153 amm
386 4048 484 4132 suam
509 4075 603 4132 vum
633 4074 717 4132 cum
736 4052 890 4131 declaro
909 4053 995 4132 Deo
1010 4049 1115 4154 fucffl
1135 4069 1386 4224 notamssnn

500 4221 506 4226 .
1272 4159 1275 4168 ’
1332 4167 1394 4226 rc·

896 4237 903 4245 ι
