3984 5159
1374 157 1869 262 ””““”“’”’““Ἶ,

450 502 516 581 u'n
587 502 686 580 P's
734 502 773 579 A
818 501 850 578 l.
896 501 952 578 M.
1022 502 1211 587 CXLIV:
1240 534 1296 608 14.
1354 515 1431 618 ‘7355

247 704 312 767 ut
322 687 442 766 omnia
456 683 815 776 comprehendantur.
845 681 955 765 Bouet
969 683 1227 780 iuqueenerau
1242 689 1344 784 limt,
1369 695 1431 788 qui

243 787 451 878 ,foecundi,
476 782 572 858 limul
597 785 745 878 pingues
765 783 800 860 ir
820 781 942 861 arvina
957 805 1102 881 gravor,
1127 787 1279 882 donique
1295 794 1332 865 in
1345 814 1430 872 one-

240 887 366 960 -ribus
387 881 567 979 portandis
589 879 719 958 adlidui
738 879 841 970 sunt,
872 879 913 956 in
931 877 1065 979 lignum
1089 887 1270 962 comtiouae
1284 889 1429 985 agricul-

267 999 383 1073 turae,
415 980 451 1054 δι
472 978 613 1074 frugum
633 978 864 1059 abundantia.
896 976 1004 1059 Cous.
1027 981 1132 1059 Prov.
1147 1005 1232 1064 xiv:
1252 1007 1288 1076 4.
1315 984 1428 1088 Quum

246 1085 355 1155 -uulii
365 1076 450 1175 sum
473 1080 589 1166 boues,
618 1097 696 1150 oreo
707 1089 793 1172 puro
807 1074 871 1170 est,
893 1075 1038 1177 &sprffir
1055 1085 1146 1176 copia
1156 1096 1378 1179 proventuum
1391 1087 1429 1157 in

262 1185 374 1258 robore
388 1181 493 1251 tauri.
620 1217 624 1223 ·

129 1308 131 1319 ν
250 1325 259 1333 .
315 1272 454 1367 §.lllll
481 1268 912 1374 Quartapareoboeuloo
924 1268 1311 1371 lillittrrnquillitatem
1328 1276 1360 1351 ἀ
1376 1273 1426 1351 se·

129 1408 130 1415 *
248 1375 455 1448 toritatem
480 1371 678 1464 publicam,
708 1371 804 1442 nula
818 1361 909 1458 fissio
924 1369 1094 1460 tacerem,
1124 1378 1277 1470 nulloque
1291 1371 1425 1470 egresfio
1505 1451 1507 1458 ,

263 1471 443 1555 militaris,
475 1467 508 1540 ἀ
530 1470 626 1538 nullo
648 1460 845 1552 vociferatie
867 1465 1032 1558 quiritant
1051 1473 1088 1540 in
1102 1474 1224 1562 plateis
1241 1471 1371 1566 uostris.
1387 1473 1424 1549 lr.

265 1588 299 1640 e.
315 1567 412 1641 nulla
426 1562 478 1638 est
492 1567 635 1658 irruptio
648 1557 783 1638 hostilio
793 1560 832 1636 in
847 1570 958 1636 terrae
975 1558 1131 1652 nostras,
1157 1587 1233 1656 quae
1248 1567 1372 1644 scindit
1390 1570 1426 1644 ἃ

128 1678 129 1727 l
249 1666 414 1751 lacerat,
448 1660 544 1736 nulla
569 1681 659 1753 opus
682 1654 735 1734 est
754 1653 928 1754 egrotum
950 1655 1093 1734 militari
1114 1659 1287 1736 adhostee
1304 1687 1424 1744 treen-

127 1778 130 1827 1
245 1764 350 1850 uos,
374 1775 436 1841 aut
458 1759 589 1834 bellum
609 1754 826 1853 gerendum,
850 1754 948 1832 nulla
966 1755 1157 1848 nequidem
1173 1764 1343 1854 quiritatio
1360 1785 1422 1863 op-

260 1858 478 1954 prellorum,
503 1877 611 1949 opem
633 1854 783 1930 aliorum
805 1850 1092 1944 implorantium
1115 1854 1176 1932 secl
1189 1856 1306 1948 quior,
1333 1879 1421 1950 pax,

128 1984 129 1995 ¹
263 1957 480 2032 &securitas
500 1954 633 2043 ubique
654 1965 791 2062 regnat.
841 1945 931 2064 lior·
946 1973 1006 2050 pre
1055 1953 1288 2044 roprietatem
1314 1954 1421 2034 habet

128 2108 129 2199 ÷
255 2050 649 2240 ils
664 2046 1421 2240 ulluulummluuut

128 2280 129 2285 Ν
249 2247 305 2322 ‘ad
325 2267 448 2339 aquae,
481 2263 559 2336 quae
579 2242 703 2318 alveos
716 2262 844 2320 omues
856 2258 1115 2338 perrumpunt,
1146 2243 1416 2323 transferturo:

259 2363 305 2416 ex
333 2365 406 2435 quo
436 2354 569 2436 patet,
608 2337 704 2414 reste
734 2337 808 2448 luc,
825 2339 972 2434 rogim
994 2339 1041 2414 de
1066 2340 1320 2434 irruptionibus
1349 2344 1415 2419 lro·
1537 2364 1550 2376 ·

258 2437 411 2528 stilibus,
453 2439 488 2513 &
517 2431 769 2510 vastationibus
798 2435 880 2509 rnde
907 2435 1006 2510 ortis.
1065 2435 1213 2511 Secunda
1235 2460 1308 2516 vox
1329 2465 1414 2517 neu·

256 2535 415 2611 absolute
445 2531 556 2631 polita
584 2531 678 2606 reile
713 2531 870 2606 refertur
903 2533 946 2606 ad
979 2529 1174 2628 egreffionem
1204 2540 1414 2631 militarem,-

255 2635 308 2708 uti
342 2635 470 2709 osam.
492 2653 549 2706 ar:
577 2651 606 2702 r.
640 2643 847 2723 temporum
875 2627 1016 2726 egreffus
1036 2652 1180 2728 regum,
1213 2631 1346 2710 scilicet
1367 2637 1412 2711 ad

254 2731 409 2819 bellum,
449 2750 517 2805 nec
548 2749 622 2802 non
651 2725 730 2826 Jud.
761 2747 818 2801 rx.
854 2727 984 2808 usum.
1019 2747 1078 2812 11>
1107 2749 1164 2821 13.
1194 2727 1246 2804 Ps.
1270 2751 1323 2808 ux:
1351 2753 1409 2810 12.

252 2827 406 2900 verbum
431 2853 494 2900 uu.
552 2821 677 2900 Sensus
708 2823 828 2924 itaque
853 2821 934 2911 eu,
977 2823 1100 2902 locum
1131 2827 1321 2919 nequidem
1349 2828 1409 2903 ha·

252 2926 339 2998 bere
363 2921 609 3015 expeditiones
627 2920 818 3009 militares,
843 2919 903 2992 seo
923 2920 1043 2996 omnia
1062 2919 1133 2996 esse
1149 2920 1311 3017 pacifica,
1338 2947 1407 3000 nec

251 3023 367 3096 bellum
384 3019 492 3116 geria
508 3018 654 3112 populu.
710 3015 824 3092 Tertio
840 3017 937 3094 reor
957 3045 1010 3092 rue
1029 3021 1171 3113 proprie
1183 3020 1268 3094 dicit
1281 3038 1406 3117 rumpe.

249 3143 304 3206 re,
321 3117 402 3190 inde
419 3131 564 3212 rumpere
577 3138 683 3192 uocem
695 3164 706 3202 ,
718 3135 759 3186 ae
771 3115 944 3203 clamare,
959 3131 1001 3188 ut
1014 3117 1073 3208 qui
1090 3137 1196 3212 opem
1217 3117 1403 3212 implorat:

126 3265 147 3283 κ
249 3213 459 3310 fignificatur
487 3213 627 3307 itaque,
663 3212 794 3287 nullam
815 3209 1095 3306 oppreffionem,
1122 3215 1403 3310 qualemcunque

249 3315 373 3399 etiam,
398 3310 567 3404 reperiri,
594 3308 652 3381 sed
674 3309 839 3384 lummam
855 3310 1021 3383 obtinere
1037 3311 1342 3403 tranquillitatem,
1368 3315 1403 3388 δι

247 3409 490 3493 securitatem,
523 3428 564 3480 ac
586 3407 795 3482 libertatem.
845 3403 934 3504 Quae
956 3427 1037 3480 eum
1053 3405 1130 3481 satis
1144 3407 1289 3503 limpida
1307 3409 1401 3502 lint,

248 3508 382 3580 nollem
405 3507 544 3578 turbata
565 3526 584 3575 a
610 3502 788 3576 Bocharto
811 3531 851 3590 a,
890 3503 951 3596 qui
972 3523 1082 3577 voces
1104 3531 1161 3606 pro
1181 3506 1214 3578 ἃ
1237 3535 1320 3582 narr
1344 3530 1398 3582 re-

245 3605 320 3679 fert
346 3601 389 3677 ad
412 3623 532 3673 vaccas
552 3600 727 3696 gravidas,
757 3601 1066 3690 nonarumque,
1091 3617 1152 3674 aut
1175 3603 1338 3698 ejicientes
1352 3602 1401 3678 se·
1444 3598 1447 3606 ⁴

246 3723 341 3780 men.
391 3696 499 3797 Quod
513 3719 580 3771 nec
595 3700 632 3770 in
654 3718 785 3786 voces,
814 3696 861 3768 src
880 3695 1037 3789 absolute
1059 3696 1205 3790 positas,
1227 3701 1399 3794 quadrat,

248 3822 315 3877 nec
339 3820 421 3871 cum
446 3797 514 3890 seq.
538 3791 774 3886 vociferatione
797 3793 965 3867 cohaeret.
1013 3793 1157 3884 Sensus,
1179 3819 1284 3889 quem
1298 3799 1400 3891 dedi,

250 3898 300 3972 est
313 3895 446 3982 facilis,
468 3893 555 3966 &in
569 3915 644 3966 rem
659 3890 870 3986 aptisfimus:
893 3911 1001 3985 quare
1020 3893 1169 3967 aliorum
1190 3895 1398 3989 interprete.

247 3995 403 4076 tionibus
414 4013 489 4065 non
503 3991 686 4064 immoror.
1259 3995 1292 4082 §.
1317 3993 1395 4074 XX.
1549 4027 1557 4034 ·

266 4167 276 4208 ι
297 4125 318 4170 a
339 4102 512 4207 Seue-ireos
534 4103 616 4169 clau.
636 4121 670 4188 p.
689 4103 764 4170 282.
790 4099 935 4171 &Lette
949 4103 989 4173 ad
1006 4101 1079 4190 Jud,
1097 4123 1134 4178 v·
