3984 5159
595 362 1592 534 m'conururanrus

592 615 713 716 pidem
737 611 870 692 Israelis
895 609 1123 706 spreverant,
1148 601 1376 692 adtulerunt,
1402 599 1502 680 otex
1516 605 1606 682 vers.
1626 629 1671 682 10
1685 607 1757 690 dte.

592 729 633 790 ct
654 735 712 792 22.
743 707 969 790 manifestum
988 705 1053 780 eil„
1103 701 1255 776 Videtur
1279 723 1422 796 quoque
1444 701 1532 777 vers.
1554 725 1606 799 ¹3·
1631 707 1675 780 ad
1703 711 1757 804 ip.

591 811 647 888 sbs
686 811 906 887 contribules
948 803 1067 879 hostes
1095 799 1175 878 suos
1203 801 1402 876 orationem
1432 817 1574 888 vertere
1602 804 1753 899 persona

588 911 750 1003 loquens.
799 903 936 982 Habuit
956 917 1077 976 tamen
1099 897 1323 995 castigationis
1344 895 1486 973 Divinae
1504 921 1645 993 quoque
1666 923 1754 981 con.

588 1005 746 1103 spetlum
775 1005 853 1079 haec
883 998 1060 1090 adfliffloe
1099 998 1259 1092 adeoque
1288 993 1432 1087 iustitie
1453 996 1524 1069 Dei
1538 997 1751 1096 *castigatrici

592 1099 854 1192 adtribuenda,
883 1114 1049 1192 tanquam
1082 1095 1193 1170 causae
1223 1091 1391 1186 suprema
1442 1095 1682 1188 ubernatrici,
1708 1115 1750 1175 ut

587 1200 682 1276 vers.
706 1203 762 1274 18.
787 1201 930 1270 edocet.
979 1193 1304 1268 Liberaliom‘svero
1317 1191 1381 1264 eti
1438 1193 1629 1268 aurationis
1642 1192 1753 1273 status

589 1300 771 1392 praecipue
793 1292 1002 1369 adscribitur
1023 1291 1137 1382 Deo,
1166 1314 1188 1365 a
1209 1289 1308 1382 cuius
1333 1287 1570 1382 potentiffimo
1590 1293 1748 1386 auxilio,
1841 1345 1845 1350 ι

586 1407 626 1469 et
645 1395 802 1492 gratuito
822 1393 968 1482 favore,
993 1388 1188 1487 repetitur,
1214 1402 1253 1461 ut
1275 1406 1321 1458 ex
1341 1400 1423 1461 toto
1447 1385 1500 1461 Ps.
1519 1387 1678 1481 constat;
1698 1407 1749 1468 at·

306 1507 309 1514 '
337 1491 338 1496 ‘
476 1471 503 1558 s
587 1505 708 1568 tamen
729 1483 822 1566 inter
844 1487 959 1564 media
981 1505 1019 1562 et
1040 1489 1157 1562 causas
1178 1482 1461 1558 instrumentales
1483 1485 1678 1581 principem
1694 1489 1752 1564 lo·

586 1607 670 1666 cum
698 1601 893 1662 tenuerunt
914 1588 1062 1674 heroes,
1094 1583 1155 1679 qui
1177 1585 1214 1656 in
1236 1581 1382 1656 nomine
1405 1581 1474 1654 Dei
1497 1581 1614 1658 hostes
1629 1585 1747 1679 profli-

584 1699 745 1784 garunt,
783 1683 948 1760 Chasrdaei
977 1697 1015 1758 et
1039 1704 1166 1756 eormn
1189 1678 1325 1765 duces,
1367 1677 1426 1750 hic
1444 1675 1604 1774 justorum
1627 1684 1750 1780 elogio

583 1782 713 1858 ornati.
761 1781 863 1881 Quos
886 1778 1038 1876 persona
1058 1779 1096 1851 in
1118 1777 1169 1852 Ps.
1195 1777 1344 1868 loquens
1366 1773 1614 1870 representat,
1639 1780 1684 1854 de
1708 1780 1745 1854 se

581 1877 768 1978 magnifice
805 1895 844 1953 et
880 1875 1111 1976 gloriabunde
1143 1875 1292 1960 dicens,
1332 1895 1387 1967 ego
1427 1895 1478 1946 ess
1514 1877 1637 1948 concidi
1673 1895 1745 1954 etc.

585 1995 619 2067 5.
645 1976 769 2050 Modus
790 1975 972 2069 denique,
1005 1994 1080 2066 quo
1099 1973 1174 2045 haec
1194 1972 1274 2043 late
1292 1989 1413 2046 rerum
1432 1969 1652 2067 catastrophe
1673 1976 1744 2052 suit

582 2073 699 2162 fasta,
720 2073 880 2146 militaris
895 2087 933 2144 et
944 2069 1093 2143 bellicus
1107 2067 1331 2164 depingitur,
1356 2089 1429 2161 quo
1445 2065 1562 2143 hostes
1582 2069 1673 2168 saepe
1688 2075 1745 2166 ju-

581 2167 634 2243 sta
664 2167 740 2242 acie
768 2166 914 2242 fuerunt
935 2165 1145 2241 mirabiliter
1164 2162 1362 2261 profligati,
1394 2163 1511 2238 donec
1530 2169 1683 2261 populus
1704 2172 1743 2248 in

582 2279 665 2340 tuto
692 2265 802 2340 suerit
828 2265 1033 2341 collocatus.
1092 2262 1135 2336 ld
1165 2261 1261 2356 quod
1283 2258 1425 2354 phrases
1441 2262 1530 2337 vers.
1551 2285 1606 2339 10.
1631 2267 1743 2342 mani.

579 2359 671 2437 feste
703 2363 874 2438 indicant.
934 2360 1016 2436 Nec
1038 2376 1156 2435 tamen
1179 2360 1366 2431 ordinarius
1387 2357 1489 2451 suit,
1526 2359 1584 2433 sed
1618 2365 1743 2440 multis

579 2461 784 2536 nominibus
805 2461 944 2536 divinos
964 2477 1009 2533 et
1030 2453 1258 2532 miraculosus
1282 2455 1455 2547 populum
1476 2457 1649 2533 liberandi
1662 2484 1743 2536 mo.-

534 2605 540 2618 ·
579 2559 672 2649 dus,
710 2561 846 2653 inquo
876 2579 991 2631 manus
1025 2555 1094 2628 Dei
1122 2550 1369 2648 multipliciter
1398 2567 1437 2626 et
1466 2553 1644 2652 inflgniter
1664 2556 1737 2633 sese

495 2703 498 2708 ·
577 2653 850 2744 manifestavit;
883 2671 925 2728 ut
947 2654 1097 2726 habetur
1117 2649 1206 2725 vers.
1234 2651 1289 2728 ro.
1339 2645 1407 2722 Cui
1422 2650 1533 2726 etiam
1550 2653 1678 2729 heroes
1699 2656 1740 2732 in

579 2749 736 2824 hostibus
767 2748 973 2823 invadendis
987 2748 1179 2843 praecipue
1207 2745 1322 2820 fidere
1338 2745 1526 2836 solebant,
1563 2751 1613 2825 ita
1638 2758 1737 2828 utin

577 2851 705 2921 nomine
737 2845 886 2946 Jeiooae
920 2845 1061 2934 fuerint¹
1084 2841 1202 2920 hostes
1231 2840 1397 2942 adgredi:
1438 2847 1736 2939 quemadmodum

579 2943 669 3020 vers.
696 2969 750 3022 10.
773 2960 844 3021 etc.
866 2943 1002 3019 dicunt.
1097 2993 1102 3000 -
1291 2993 1295 2999 -

625 3047 659 3136 §.
673 3043 738 3119 lV.
762 3043 821 3116 De
849 3041 1000 3138 Tempore
1023 3056 1062 3113 et
1083 3035 1238 3129 sccafisnt
1251 3038 1311 3132 qui
1324 3061 1369 3113 er
1385 3037 1644 3136 Interpretibus
1658 3043 1734 3120 sen·

576 3145 725 3220 tentiam
755 3141 947 3228 dixerunt,
979 3138 1018 3212 in
1050 3155 1094 3210 ea
1114 3133 1233 3231 paffim
1259 3133 1340 3211 sunt
1362 3137 1560 3229 opinione,
1585 3157 1733 3216 autorem

576 3239 644 3316 elle
675 3239 873 3329 Davidem,
899 3253 938 3311 et
961 3237 1141 3310 canticum
1170 3235 1217 3307 ab
1242 3231 1320 3328 ipso
1347 3232 1450 3306 fuisse
1474 3239 1731 3330 compositum,

575 3337 899 3511 lnsillhl’
933 3329 1737 3530 tesselisttnnnnlntnh

646 3475 650 3482 .
886 3486 899 3526 ‚
1464 3479 1476 3516 ‚
1625 3473 1628 3481 .

575 3547 735 3607 montem
758 3533 928 3610 Tsronem
949 3531 1134 3621 translata,
1158 3529 1195 3602 in
1216 3526 1454 3605 memorabilis
1469 3524 1563 3602 illius
1578 3547 1735 3608 eventus

575 3629 809 3718 memoriam,
847 3655 894 3708 eo
916 3631 952 3704 in
973 3629 1092 3724 primis
1115 3625 1245 3720 scopo,
1275 3639 1316 3697 ut
1337 3644 1491 3720 regnum
1508 3623 1659 3716 Mediae,
1690 3631 1732 3705 in

573 3725 640 3802 suo
666 3723 897 3818 conspicuum
915 3743 1079 3822 tanquam
1099 3738 1218 3815 typo,
1259 3720 1483 3817 depingeret.
1527 3722 1594 3799 Cui
1615 3725 1731 3818 hypo·

572 3823 659 3899 thesi
680 3823 778 3897 ‘varia
799 3823 966 3912 obstant,
1006 3845 1086 3915 quae
1106 3815 1284 3893 adsensum
1305 3817 1515 3911 impediunt
1574 3843 1605 3896 r.
1639 3823 1731 3898 Prae.

567 3939 735 4018 cerquam·
753 3919 850 4016 quod
870 3941 1006 3999 nomen
1020 3917 1193 4013 Daulis,
1215 3931 1384 4012 tanqum
1395 3918 1548 4010 autoris,
1576 3920 1614 3995 in
1626 3919 1728 3996 sronr

1686 4035 1729 4092 te
