3984 5159
663 553 734 653 762
847 531 1638 618 conuturnnrus

746 715 1773 906 texture-Auro(-

715 1033 750 1120 ς.
769 1025 817 1100 V.
843 1023 935 1100 Cum
961 1017 1047 1098 nihil
1069 1022 1127 1096 lric
1144 1020 1582 1118 reperiaturaternpore,
1605 1015 1763 1113 qool'idri

667 1124 923 1220 compositum,
948 1123 1123 1207 alienum,
1150 1117 1275 1193 ennea
1293 1117 1402 1192 etiam
1425 1121 1467 1193 in
1489 1120 1579 1197 illud
1598 1131 1667 1210 apte
1678 1111 1767 1205 mrrlpi

668 1241 769 1312 rent;
794 1216 922 1292 investi
967 1220 1067 1290 tione
1084 1215 1309 1310 hypothclios
1326 1237 1410 1289 eum
1426 1216 1636 1311 exponendi
1648 1230 1771 1306 opums

669 1319 731 1392 est.
788 1315 902 1410 Regni
923 1239 1078 1400 ffiessiae,
1116 1314 1162 1386 de
1187 1333 1259 1407 quo
1278 1315 1445 1388 nonnulli
1469 1315 1657 1415 cogitant,
1681 1308 1771 1382 nulm

667 1411 764 1488 adest
785 1411 989 1500 criteriuma
1015 1407 1080 1486 nili
1106 1411 1144 1485 in
1166 1409 1269 1485 versu
1291 1411 1377 1499 ult,
1414 1435 1529 1505 quem
1554 1400 1772 1484 &nosadllrl

666 1512 794 1587 ultimo
818 1508 1031 1598 referimus;
1060 1524 1102 1583 ut
1127 1505 1191 1582 suo
1219 1510 1303 1582 loco
1322 1511 1470 1602 patebit.
1536 1510 1678 1600 Reliqua
1693 1499 1772 1576 reffiu

665 1609 891 1684 conveniunt
911 1608 948 1681 in
973 1607 1144 1702 populum
1171 1605 1243 1678 Dei
1267 1605 1330 1680 sub
1354 1605 1399 1680 V.
1419 1605 1495 1695 T„
1520 1606 1585 1682 nili
1609 1599 1773 1699 spiritualer

667 1707 915 1803 explicentur,
939 1707 1039 1796 cujus
1053 1703 1188 1778 nullum
1202 1701 1314 1778 exstat
1330 1703 1518 1780 indicium.
1571 1694 1773 1799 Pergrnon

667 1828 738 1900 que
759 1805 803 1878 ad
832 1801 1118 1896 explicationem.
1177 1797 1298 1873 Prima
1315 1823 1391 1895 pars
1406 1804 1637 1876 adimaturio
1649 1797 1686 1871 ad
1699 1793 1774 1867 oen

665 1901 900 1990 laudandum,
932 1899 974 1972 ad
995 1897 1081 1970 alios
1102 1896 1137 1970 dt
1160 1897 1195 1970 se
1215 1897 1346 1972 diretta
1365 1902 1678 1983 aconcionatore,
1697 1887 1772 1965 italr·

665 2003 750 2092 bet,
775 1995 866 2072 vers.
890 2017 922 2072 1.
949 1993 1101 2068 Laudare
1123 1992 1216 2094 Jol,
1249 1998 1348 2067 lauda
1371 2001 1487 2070 anima
1511 2019 1586 2071 mea
1602 1981 1772 2094 Jetmaui

666 2119 699 2172 e.
761 2095 863 2182 Vos,
904 2093 1108 2167 auditores!
1163 2092 1379 2167 excitaturus
1417 2096 1529 2168 variis
1559 2074 1771 2188 rationibull

663 2193 806 2278 Deum,
832 2211 985 2283 eumque
1009 2187 1141 2277 solum,
1174 2188 1452 2281 celebrandum,
1478 2213 1542 2268 me
1567 2188 1666 2264 vobis
1684 2193 1768 2258 nott

663 2286 840 2386 principio
863 2285 1037 2386 adiungo,
1054 2302 1316 2382 argumentum
1334 2286 1368 2360 'dt
1386 2287 1536 2383 scopum
1551 2281 1767 2363 orationum

663 2383 863 2462 summatim
888 2406 1116 2480 proponens,
1141 2383 1273 2457 advos
1299 2385 1333 2457 dt
1354 2386 1540 2477 medico,
1575 2384 1693 2458 ustae
1712 2370 1769 2471 Ἰὼ

665 2483 764 2557 laudo
785 2487 895 2556 anima
917 2505 987 2556 maa
1010 2477 1197 2578 Jelooam5
1227 2481 1298 2554 hoc
1320 2481 1500 2573 vestrum,
1535 2485 1609 2558 hoc
1630 2492 1725 2554 mcum
1759 2556 1766 2574 .

662 2577 843 2668 officium,
867 2580 962 2674 quod
982 2579 1066 2652 Deo
1089 2577 1280 2666 debemus,
1316 2581 1352 2654 dt
1371 2602 1443 2672 quo
1462 2603 1565 2656 nunc
1585 2579 1655 2653 laeti
1669 2567 1766 2656 defllll'

661 2677 863 2773 poliumus,
889 2678 946 2772 qui
961 2694 1019 2751 tot
1033 2691 1216 2768 tantasque
1231 2675 1401 2750 habemus
1417 2678 1453 2750 id
1468 2676 1627 2754 faciendi
1642 2670 1760 2747 ndns,

660 2795 748 2850 mox
768 2774 1012 2868 proferendas.
1037 2773 1136 2846 Nihil
1150 2774 1207 2846 hic
1220 2774 1292 2846 sese
1307 2771 1438 2862 offert,
1451 2778 1551 2868 quod
1568 2797 1633 2863 nos
1646 2773 1763 2844 morelli·

598 2909 600 2914 ·
660 2869 835 2944 Haltetuia
859 2871 944 2944 licet
966 2894 1034 2963 pro
1056 2869 1128 2944 sola
1149 2869 1378 2966 inscriptione
1401 2871 1452 2945 Pl.
1467 2872 1617 2948 subinde
1628 2869 1762 2966 habetur

532 3031 548 3062 χ
659 2967 718 3042 liic
740 2983 858 3040 tamen
884 2983 1022 3058 partem
1043 2967 1094 3041 Ps.
1112 2965 1211 3044 simul
1225 2966 1428 3058 constituit,
1454 2991 1539 3045 curn
1554 2969 1749 3044 exhortaret

659 3065 838 3140 auditores
861 3063 1049 3162 dirigatur,
1076 3063 1162 3137 licut
1186 3065 1293 3140 etiarn
1313 3066 1407 3139 adse
1424 3065 1560 3161 ipsum3
1586 3083 1678 3159 quam
1693 3058 1760 3153 potu

658 3187 743 3240 mox
767 3158 955 3259 profitetur
978 3183 999 3234 a
1021 3158 1056 3233 se
1072 3159 1270 3236 taciendam
1285 3185 1508 3257 peromnem
1524 3169 1650 3250 vitam,

659 3261 759 3336 omni
779 3262 912 3357 populo
931 3279 993 3357 per
1007 3262 1121 3333 varias
1138 3259 1293 3333 rationes
1307 3263 1544 3340 commendat.
1600 3252 1684 3333 Fieri
1698 3245 1760 3352 fulli

658 3359 797 3455 potuit,
816 3381 945 3434 vocem
959 3353 1154 3444 Halleluio,
1170 3353 1312 3432 titulum
1326 3360 1454 3432 cantici
1469 3359 1672 3439 facientem,
1692 3343 1729 3417 itt

656 3478 720 3626 ᾖεν
744 3453 950 3626 Fsfsqluentem
972 3453 1190 3551 absorptam,
1226 3456 1337 3529 itaut
1365 3458 1416 3531 bis
1439 3455 1655 3539 occurrerit,
1686 3449 1756 3516 nnn

720 3610 727 3627 .
785 3577 893 3628 amre.

657 3577 736 3758 'qd
754 3649 816 3722 Vl.
843 3651 989 3725 Secunda
1003 3673 1082 3747 pars
1098 3647 1263 3747 propoliti
1280 3665 1396 3748 poete
1412 3626 1755 3743 testificationemllf'l

654 3765 692 3816 rn
709 3749 929 3839 exemplum,
956 3751 1140 3837 continet,
1166 3748 1256 3822 vers.
1283 3772 1316 3824 ε.
1344 3751 1477 3822 laudale
1499 3737 1757 3847 Jelovamirttlf

551 3889 553 3892 ·
653 3862 745 3929 meo,
765 3838 904 3934 Psallam
927 3843 999 3918 Deo
1013 3869 1099 3935 meo,
1124 3847 1199 3918 dum
1215 3869 1276 3920 ero.
1295 3847 1328 3918 h.
1344 3868 1376 3919 e.
1427 3847 1532 3946 Quod
1550 3844 1644 3921 vobis
1658 3821 1751 3942 &nd

651 3936 807 4030 injunxi,
835 3937 920 4014 illud
940 3940 1012 4034 ipse
1034 3963 1261 4038 peromnem
1284 3945 1393 4018 vitam
1414 3941 1603 4037 prestabo,
1627 3934 1752 4012 voblslue

652 4035 850 4138 exemplum
865 4037 1011 4152 preibo.
1062 4039 1231 4118 Declarat
1244 4041 1382 4138 itaque,
1407 4043 1442 4116 sc
1456 4041 1537 4115 Deo
1552 4039 1664 4204 laudest
1664 4029 1748 4200 aeswig,
