3984 5159
445 507 575 625 „is
609 505 691 592 rt
721 506 759 584 s.
794 507 836 582 a
876 503 923 584 t:-
954 505 1010 584 nr.
1053 487 1298 610 ,exunt
1390 540 1459 622 129

293 690 470 780 offerunt.
510 687 621 764 Suam
644 686 738 763 enim
761 682 1009 761 liberationem
1022 703 1188 784 tanquam
1206 686 1357 780 publiea
1369 689 1469 766 teti-j

293 791 353 866 ‘tiae
382 805 419 870 et
447 783 695 860 celebrationis
722 781 818 870 Dei,
857 785 899 856 ab
927 784 1092 859 omnibus
1117 785 1315 873 faciendae,
1346 791 1454 861 mirte-

296 889 384 960 riam
399 881 623 967 ,corrsrderari
657 881 760 952 vult:
799 877 835 950 se
866 895 1032 972 tanquam
1058 881 1184 956 ducem
1206 878 1455 974 fortissimum,

297 986 355 1077 qui
379 977 494 1054 hostes
518 981 554 1052 in
575 978 720 1050 nomine
737 975 806 1048 Dei
822 973 1230 1069 prostravit,‚de1'cribit.
1283 979 1465 1072 Lapidem-

296 1083 340 1154 ab
363 1076 558 1152 architectis
583 1075 734 1167 spretum
761 1074 914 1164 &caput
929 1071 1047 1169 anguli
1060 1071 1193 1149 fastum
1206 1075 1268 1168 ipsr
1281 1076 1455 1170 adplican·
1538 1114 1543 1122 ι

264 1235 266 1242 ,
297 1193 380 1262 tes,
423 1176 466 1246 de
501 1173 659 1266 suprema
676 1174 753 1261 ejus
776 1170 947 1266 dignitate
975 1167 1146 1246 testantur
1168 1173 1231 1266 ipsr
1253 1173 1472 1263 sacerdotes

297 1274 333 1346 u
355 1273 501 1344 Levitae.
563 1269 670 1368 Quod
695 1269 846 1340 solennis
870 1261 1036 1362 Hosarmae
1071 1269 1277 1345 adclamatio
1308 1271 1454 1345 ulterius

296 1366 499 1444 confirmat.
560 1385 591 1438 2.
625 1369 740 1438 Status
762 1363 923 1457 proxime
945 1365 1174 1458 praeteritus,
1210 1367 1344 1460 inquo
1372 1391 1455 1444 cum

298 1482 383 1540 toto
415 1465 550 1557 populo
582 1462 723 1550 suerat,
764 1458 999 1550 describitur,
1042 1477 1206 1558 tanquam
1231 1463 1454 1557 summopere

161 1560 169 1576 ⁶
299 1561 473 1648 adflictus,
500 1561 533 1634 &
558 1583 577 1629 a
603 1561 701 1631 totali
726 1555 959 1632 destructione
981 1560 1187 1650 proximus,
1225 1584 1290 1655 pet
1307 1563 1466 1641 invasio„

298 1682 362 1734 nes
390 1653 681 1750 &oppressiones
704 1653 843 1732 hostiles
865 1653 1079 1749 populorum
1100 1655 1317 1746 vicinorum,
1344 1660 1457 1750 quiin

298 1756 492 1852 perniciem
513 1753 644 1846 populi
673 1749 970 1846 conspiraverant.
1043 1750 1142 1826 Dicit
1168 1752 1203 1824 se
1232 1757 1271 1828 in
1294 1751 1456 1850 angustiis

246 1887 251 1918 ·.
298 1852 421 1942 fuisse,
448 1850 546 1925 &ad
571 1848 766 1924 cadendum
787 1871 830 1946 ac
851 1846 1077 1924 moriendum
1099 1849 1303 1943 impulsum
1335 1849 1455 1926 hostes

256 1987 258 1992 v
298 1973 388 2024 vero
411 1947 467 2037 se,
490 1947 628 2044 agmine
653 1943 769 2033 fatto,
793 1946 1017 2039 undiquaque
1033 1943 1224 2038 obsedisse,
1249 1945 1457 2024 &infestas-

298 2045 345 2122 se.
402 2042 481 2140 lpsa
503 2066 593 2116 vero
618 2039 766 2137 persona
793 2039 932 2116 illustris
960 2058 1133 2136 praterea
1158 2044 1316 2119 occurrit
1341 2066 1388 2121 eo
1418 2045 1457 2120 in

298 2144 389 2218 statu
409 2145 453 2216 ab
474 2141 552 2236 ipsis
572 2139 786 2234 primoribus
808 2139 1078 2234 &principibus
1118 2142 1217 2236 epuli
1231 2139 1281 2218 sui
1296 2157 1456 2219 contem·

297 2243 356 2316 tui
376 2240 522 2328 habita,
554 2237 589 2310 dt
614 2235 767 2329 rejesta:
800 2239 938 2334 lapidem
959 2237 992 2310 se
1013 2234 1066 2312 sui
1096 2261 1115 2311 e
1140 2239 1228 2314 dicit
1250 2240 1293 2313 ab
1307 2236 1453 2314 aedifica·

302 2338 440 2412 toribus
459 2332 634 2430 spretum,
662 2332 740 2414 dte.
791 2357 823 2428 3.
850 2335 964 2408 status
995 2332 1172 2426 praesens,
1205 2337 1242 2409 in
1267 2359 1340 2428 quo
1362 2357 1465 2411 nunc.

199 2469 204 2476 ·
301 2457 384 2510 cum
399 2425 1457 2530 sociisotpopuloversabatur‚eratlaetusetprosper,status

300 2531 519 2607 liberationis
548 2529 590 2602 ab
617 2528 683 2602 illis
709 2525 871 2622 angustiis
896 2544 934 2602 et
951 2528 1138 2621 periculis,
1160 2525 1268 2602 status
1283 2529 1402 2624 gloriae
1418 2543 1456 2605 et

300 2625 463 2716 fiduciae,
498 2626 604 2700 rebus
629 2623 851 2714 instauratis,
890 2641 927 2698 et
951 2625 1122 2700 exercitio
1145 2625 1321 2700 sacrorum
1336 2626 1458 2724 vigen-

302 2741 362 2816 te;
387 2726 435 2798 ita
455 2739 496 2797 ut
516 2719 634 2796 hostes
656 2719 768 2794 essent
792 2721 1034 2816 multipliciter
1047 2719 1233 2817 prostrati,
1257 2721 1328 2820 ipsa
1341 2718 1459 2816 perso·
1506 2709 1516 2738 '

300 2843 349 2898 na
369 2821 427 2892 illa
444 2821 485 2892 in
507 2817 674 2892 summam
695 2817 899 2915 dignitatem
925 2817 1065 2910 evedba,
1089 2821 1240 2926 populus
1263 2820 1384 2895 laetitia
1400 2817 1466 2918 adq

301 2915 444 3006 festus,
477 2929 590 3009 portae
617 2915 739 3011 templi
767 2915 1064 3010 denuoapertae,
1096 2933 1133 2991 et
1155 2917 1247 2992 sacra
1268 2917 1457 3009 restitutat

302 3032 459 3090 attamen
481 3012 641 3089 nondum
661 3034 785 3088 omnes
808 3011 923 3087 hostes
946 3031 1048 3104 erant
1068 3012 1228 3112 subasci,¹
1243 3030 1285 3089 ut
1305 3036 1350 3090 ex
1364 3013 1465 3098 vers,

303 3117 339 3191 6.
361 3115 430 3187 etc.
464 3110 595 3204 liquet,
626 3131 695 3185 nee
716 3109 872 3203 perfetta
893 3133 935 3187 ac
955 3107 1095 3187 firmata
1108 3128 1185 3186 erat
1200 3110 1371 3200 felicitas,
1397 3111 1457 3184 sed

302 3211 534 3286 fundamenta
565 3223 704 3282 tantum
717 3203 823 3299 jacta,
849 3209 973 3303 quibus
997 3231 1089 3309 resp.
1119 3226 1156 3283 et
1170 3207 1324 3282 Ecclesia
1340 3206 1459 3304 super·

302 3307 516 3382 strueretur:
549 3327 622 3397 quo
636 3327 703 3378 nos
721 3303 812 3378 vers.
830 3327 885 3380 22.
910 3307 1085 3382 emblema
1098 3302 1219 3410 lapidis
1239 3308 1276 3379 in
1289 3318 1385 3400 caput
1401 3327 1461 3380 art·

303 3409 375 3502 guli
400 3401 508 3490 fatti,
538 3403 659 3492 ducit,
689 3415 729 3474 ut
752 3400 815 3478 suo
839 3403 921 3476 loco
943 3405 1099 3499 patebit·
1171 3402 1287 3502 Quam
1309 3401 1459 3478 eandem

306 3501 560 3598 cogitationem
583 3497 735 3596 suggerit
756 3498 963 3574 adclamatio
985 3499 1186 3601 Hosannae,
1223 3513 1260 3574 et
1287 3498 1458 3576 adventus

271 3599 273 3604 ’
306 3597 464 3694 persona
485 3595 580 3670 istius
601 3599 637 3670 in
660 3597 805 3671 nomine
828 3595 986 3690 Jehovae.

358 3691 464 3784 §.llL
521 3718 555 3783 4.
589 3691 698 3792 Quod
725 3693 767 3768 ad
796 3693 943 3789 duplicis
975 3695 1077 3787 buius
1105 3692 1212 3771 status
1239 3695 1350 3792 caustis
1374 3695 1459 3772 adti-
1491 3775 1495 3780 ,

308 3811 393 3881 net3
427 3787 659 3864 adflictionem
681 3792 806 3884 partim
827 3807 951 3890 gentes
975 3807 1014 3865 et
1053 3793 1152 3886 opuli
1167 3789 1330 3884 hostiles,
1356 3794 1460 3868 variis

302 3886 596 3981 expeditionibus
624 3887 757 3962 bellicis
779 3888 918 3983 Judaeos
941 3817 1178 3981 invadentes,
1198 3898 1249 3967 'et
1273 3892 1317 3966 ad
1334 3890 1461 3966 incitas

313 3985 532 4138 redigentes,
557 3986 685 4082 partim
697 3985 759 4084 ipsi
777 3983 1170 4168 pdmotefiludaeomm
1192 3989 1312 4087 impii,
1331 3987 1469 4179 ᾳὲἱάἐῗῃ

614 4394 643 4435 N
