3984 5159
671 487 742 562 712
839 461 1631 555 contumulatus

672 641 901 736 plicationem
930 645 967 720 dt
987 643 1323 737 confirmationem
1363 645 1522 746 adeoque
1547 648 1609 740 ejus
1626 641 1756 738 repetitio

675 764 758 818 uem
779 745 913 838 majore
937 767 1020 820 cum
1041 740 1185 835 fidutia,
1211 745 1469 823 &clarioribus
1487 748 1593 820 verbis
1606 741 1713 828 saltant
1728 758 1757 809 ea

676 860 743 932 qua
762 840 946 938 hypothesi
971 864 1045 916 non
1068 843 1137 916 erit
1151 841 1335 918 intellelttu
1352 843 1509 918 difficilis.
1558 835 1758 930 Duaeejulunt

676 955 815 1033 partes,
841 962 991 1034 quarum
1013 945 1127 1034 prior,
1159 938 1315 1016 advers.
1346 945 1379 1016 8.
1406 941 1582 1040 posterior,
1607 937 1643 1010 ad
1660 931 1718 1007 ved
1734 951 1758 1021 9.

677 1035 831 1129 respicit
882 1033 984 1110 Prior
1007 1035 1096 1111 vers.
1126 1056 1181 1113 10.
1209 1037 1258 1112 ita
1280 1037 1408 1129 habet,
1441 1039 1533 1113 Doce
1548 1059 1599 1110 rme
1611 1032 1761 1125 furtiue

673 1139 835 1232 placitum
850 1148 968 1219 tuum,
1003 1137 1081 1226 quia
1103 1148 1141 1206 tu
1166 1133 1389 1226 Detentus,
1404 1135 1550 1233 spiritus
1572 1149 1639 1206 tuus
1656 1125 1763 1202 bittit

680 1233 777 1304 ducat
797 1253 845 1300 me
867 1234 902 1300 in
924 1245 1046 1302 terram
1067 1236 1342 1327 complorationis.
1369 1235 1401 1306 h.
1426 1257 1458 1308 e.
1481 1229 1763 1307 intellettmnem

680 1323 888 1421 cognitione
900 1327 999 1420 ejus,
1015 1330 1111 1422 quod
1124 1330 1185 1404 tibi
1202 1347 1338 1427 gratum
1352 1329 1402 1403 est
1415 1333 1450 1406 dt
1464 1324 1764 1424 acceptum,imbuet

549 1467 552 1478 .
681 1422 716 1494 u
732 1421 954 1500 voluntatem
968 1447 1083 1501 meam
1097 1425 1220 1513 flete,
1241 1445 1281 1502 ut
1297 1428 1381 1502 illud
1397 1429 1529 1517 velim,
1546 1435 1766 1521 totamqueueu

682 1533 757 1594 tem
781 1541 977 1616 compone,
1003 1537 1044 1599 ut
1066 1523 1150 1596 illud
1174 1522 1253 1599 adiu
1272 1524 1450 1620 praestem,
1485 1524 1521 1598 dt
1535 1545 1625 1598 nunc
1639 1521 1668 1592 in
1682 1517 1767 1589 ulmi·

683 1631 778 1706 tate,
792 1616 827 1690 dt
842 1616 962 1714 postea
974 1622 1012 1696 in
1025 1618 1257 1714 prosperitate
1270 1643 1366 1697 mea:
1391 1622 1488 1717 quod
1503 1608 1767 1696 lubenterdtfideu

683 1728 740 1789 ter
766 1733 871 1808 pern,
904 1717 984 1811 quia
1003 1717 1068 1792 tibi
1093 1713 1278 1792 obstrietus
1310 1719 1412 1808 sum,
1444 1719 1481 1793 dt
1510 1734 1553 1793 tu
1572 1707 1767 1792 ninellus

684 1835 785 1891 meus
809 1813 1031 1889 foederatus:
1064 1813 1175 1903 addo,
1200 1815 1235 1888 dt
1255 1816 1340 1914 mihi
1353 1819 1555 1910 promitto,
1581 1831 1618 1888 ut
1631 1808 1768 1906 spirituo

684 1913 807 2000 bono,
832 1911 891 2005 qul
913 1911 1107 2001 illuminat,
1141 1911 1326 1987 sanctificat
1348 1915 1381 1987 dt
1403 1913 1579 2002 laetificat,
1609 1901 1767 1986 metellos

685 2009 723 2084 in
749 2007 896 2096 statum,
932 2007 1005 2083 live
1026 2029 1231 2101 ereremum,
1263 2009 1335 2084 five
1358 2013 1563 2102 internum,
1592 2019 1734 2090 tutuml
1761 2037 1769 2052 ·

685 2103 827 2198 sperum
857 2106 892 2178 dt
920 2104 1106 2198 stabilem,
1144 2129 1217 2204 quo
1250 2122 1286 2181 te
1316 2125 1446 2204 tuaque
1475 2108 1677 2206 benignitate
1695 2110 1771 2170 coum

685 2200 794 2274 fruar.
844 2197 948 2274 Prius
962 2206 1181 2297 membrum,
1205 2205 1276 2279 dote
1291 2204 1462 2298 nefacere
1481 2209 1772 2304 beneplacitorum

687 2301 826 2392 quintu
849 2297 942 2373 Deus
961 2323 1050 2375 tatus
1074 2325 1134 2394 es,
1164 2303 1307 2399 respicit
1330 2304 1374 2377 ad
1395 2303 1593 2400 superiores
1636 2314 1722 2377 recu,
1737 2305 1772 2356 ll

687 2408 757 2468 tam
770 2397 851 2470 midi
859 2394 1043 2491 faculam,
1057 2423 1153 2496 quam
1166 2401 1353 2493 ambulabo,
1370 2408 1446 2498 quia
1461 2406 1507 2476 ad
1524 2324 1667 2498 tesussuli
1679 2392 1774 2490 miili!

688 2513 812 2583 meam,
838 2495 949 2570 &eas
970 2497 1121 2591 explicat
1136 2495 1311 2593 pbrafibus
1326 2499 1478 2595 propriis
1499 2507 1536 2576 dt
1549 2497 1651 2606 nudie
1687 2477 1777 2575 Suppli·

687 2605 745 2665 cat
763 2591 880 2688 itaque
897 2592 1051 2669 divinam
1067 2591 1351 2684 instruetionem,
1368 2617 1410 2669 ea
1427 2619 1516 2674 cum
1531 2583 1691 2670 efficantl
1765 2619 1776 2662 t

690 2704 730 2763 ut
748 2693 981 2787 beneplacitum
1004 2691 1093 2781 Dei,
1120 2690 1180 2767 seu
1203 2690 1240 2766 id
1257 2692 1352 2787 quod
1370 2693 1452 2769 Deo
1465 2709 1606 2794 gratum
1619 2685 1670 2771 ests
1686 2681 1776 2789 {filim

689 2785 750 2860 fibi
772 2788 992 2880 complacet,
1010 2789 1099 2867 velit
1120 2785 1296 2865 &efficiat
1309 2839 1322 2880 ,
1337 2790 1471 2867 scilicet
1492 2793 1530 2868 dt
1552 2812 1649 2872 nunt,
1663 2779 1775 2892 &mili

688 2879 821 2956 ilerum
839 2883 997 2977 sempert
1025 2891 1199 2964 rationem
1222 2906 1429 2964 moventem
1451 2889 1554 2966 addit
1567 2913 1586 2963 a
1599 2885 1730 2961 relatore
1749 2883 1776 2936 ω

689 2980 733 3054 ad
748 2978 890 3068 Deum,
915 3003 984 3074 qua
1000 2979 1036 3054 se
1054 2982 1158 3074 Deo,
1184 2984 1515 3081 tanquamseruutn,
1533 2983 1741 3062 nominent,

690 3101 837 3156 omnem
865 3077 1127 3170 obedientiam,
1162 3082 1198 3156 dt
1226 3079 1325 3158 Deus
1371 3107 1489 3180 uoque
1516 3085 1552 3160 se
1570 3083 1616 3156 illi
1632 3075 1776 3151 adonneu

689 3178 852 3253 savorem
873 3171 1127 3273 praestandum,
1159 3193 1323 3272 tanquam
1386 3205 1457 3256 eum
1480 3181 1592 3258 suum.
1633 3171 1707 3271 Quae
1744 3171 1778 3230 tt·

689 3277 786 3351 tiore
813 3297 890 3350 non
914 3273 1074 3372 indigent
1096 3273 1360 3369 explanatione.
1433 3277 1598 3375 Posterius
1618 3289 1692 3348 vero
1707 3271 1776 3367 neu·

689 3377 819 3462 brum,
836 3369 979 3544 spiritus
1003 3385 1079 3446 tuus
1099 3375 1198 3447 bonus
1220 3373 1348 3448 deducet
1363 3399 1413 3450 me
1429 3380 1464 3451 in
1482 3393 1600 3452 terrant
1612 3365 1775 3462 corripitisll

690 3477 766 3561 nis,
798 3470 941 3566 repicit
960 3469 1005 3544 ad
1027 3492 1172 3566 precer,
1197 3471 1379 3546 audirent
1392 3470 1456 3567 fac
1470 3471 1690 3570 innitentium
1702 3467 1774 3528 tuta.

692 3592 776 3662 quas
798 3570 971 3664 explicat,
1002 3567 1340 3664 &implendaselie
1361 3569 1490 3663 docet,
1515 3590 1616 3668 quare
1635 3557 1724 3637 verbo

691 3681 801 3760 temp.
826 3666 1052 3757 proponitur.
1100 3663 1312 3758 Sensusest,
1337 3667 1371 3743 se
1393 3685 1536 3763 petere,
1561 3663 1651 3742 limul
1668 3655 1775 3764 inutili

692 3759 761 3834 elie
783 3759 986 3850 confidere,
1011 3779 1053 3838 ut
1063 3761 1208 3859 spiritis
1227 3762 1318 3850 Dei,
1349 3767 1464 3841 omnis
1484 3751 1776 3882 gratiae&leltutttl⁵

692 3856 795 3945 fons,
821 3855 856 3928 se
878 3860 1008 3955 erigat,
1035 3859 1260 3951 consoletur,
1277 3863 1321 3936 ·&
1341 3861 1379 3937 in
1400 3886 1498 3941 omni
1518 3854 1719 3950 casuditigttt
1752 3852 1775 3904 l

693 3975 761 4032 uec
781 3957 988 4049 pervenerit
1008 3958 1045 4033 in
1065 3956 1194 4037 statum
1212 3973 1331 4038 tutum
1351 3961 1618 4058 &prosperum
1641 3968 1699 4047 (111⁰
1709 3936 1776 4122 Ῑὲῗυοςν
