3984 5159
560 535 629 616 w
729 503 1640 607 connumeratus¹

553 695 602 768 ‘in
618 690 821 766 Cananaeam
836 685 1038 775 redierunt,
1064 687 1100 760 dr
1118 685 1254 761 stabiles
1273 688 1321 761 ibi
1337 684 1492 762 fixerunt
1508 685 1623 775 sedes,
1648 705 1722 760 rna·

567 811 703 886 nosque
718 792 823 863 rebus
836 787 1064 860 instaurandis
1080 787 1272 860 admovere
1288 803 1495 878 coeperunt.
1544 785 1627 858 Hoc
1643 784 1722 877 ipso

503 956 508 974 ,
566 907 731 980 tempore
755 909 827 978 quo
853 885 987 956 suerint
1007 883 1149 969 anim0,
1182 897 1291 976 poeta
1315 903 1378 976 per
1392 879 1627 974 somniantium
1648 901 1726 954 em·

567 987 685 1060 blema
708 981 876 1077 depingit.
934 979 1095 1066 Fuimus,
1121 979 1259 1074 inquit,
1293 978 1397 1052 instar
1409 976 1659 1071 somniantium.
1685 979 1722 1050 h.

568 1105 602 1155 e.
628 1104 685 1154 res
704 1081 807 1155 nobis
830 1080 945 1170 primo
963 1076 1033 1162 visa
1055 1075 1105 1148 est
1126 1078 1344 1163 incredibilis,
1379 1076 1462 1148 dein
1484 1097 1568 1148 mox
1591 1073 1724 1165 quaevis

569 1179 735 1274 praeclare
762 1177 864 1248 nobis
896 1173 1128 1267 promisrmus.
1182 1171 1387 1245 Somniantos
1403 1160 1495 1245 'sunt
1522 1171 1556 1243 u
1579 1172 1636 1264 qui
1658 1168 1725 1243 libi

570 1276 736 1352 videntur
758 1275 868 1344 uidere
891 1293 966 1363 quas
989 1293 1063 1342 non
1086 1270 1226 1357 vident,
1254 1270 1312 1342 vel
1327 1291 1401 1344 non
1417 1268 1517 1356 sunt,
1542 1269 1648 1362 &qui
1661 1266 1725 1341 fibi

570 1372 739 1446 videntur
760 1373 891 1455 holere,
933 1369 999 1439 vel
1012 1368 1185 1453 habituri,
1219 1388 1294 1458 quae
1319 1387 1392 1439 non
1414 1366 1557 1438 habent.
1613 1362 1726 1437 Cute·

474 1532 478 1543 .
568 1492 649 1542 turn
672 1489 754 1540 cum
776 1467 900 1539 dicunt
921 1461 955 1535 se
980 1462 1082 1538 fuisse
1107 1462 1211 1555 instar
1218 1460 1480 1557 somniantium,
1511 1461 1585 1536 duo
1599 1457 1726 1557 fignifi-

570 1583 674 1652 cant,
707 1587 739 1636 o.
761 1561 795 1634 sc
819 1560 1028 1654 praesentem
1052 1561 1149 1634 suum
1175 1559 1301 1634 statum
1323 1582 1389 1653 pro
1402 1558 1527 1655 somnio
1549 1557 1724 1648 habuisse,

573 1667 604 1737 t.
633 1663 728 1734 circa
747 1658 907 1753 futuram
935 1657 1189 1730 conditionem,
1208 1677 1294 1730 vere
1325 1657 1408 1750 qnid
1430 1656 1476 1728 de
1485 1654 1726 1750 somniantibus

469 1761 482 1791 ‘
574 1757 740 1832 habuisse.
792 1757 886 1828 Prius
910 1754 1017 1850 fignat
1039 1755 1321 1836 increduiitatem,
1353 1751 1524 1846 posterius
1538 1750 1730 1846 deiufiomm

572 1857 733 1948 aliquam.
785 1853 990 1924 somniantes
1016 1851 1110 1925 enirn
1138 1849 1240 1938 sunt,
1273 1851 1332 1922 vel
1354 1853 1413 1944 qui
1429 1849 1463 1923 se
1482 1849 1652 1950 somniare
1665 1871 1730 1942 pu-

575 1968 672 2036 tant,
699 1951 757 2022 vel
771 1951 831 2042 qui
848 1969 934 2022 vere
940 1945 1132 2042 fitmniont3
1148 1967 1334 2042 utrumque
1348 1946 1409 2021 fibi
1425 1947 1613 2040 adplicant.
1637 1943 1731 2019 Pra—
1776 1991 1782 2007 ,

566 2051 674 2144 sentis
688 2045 904 2120 liberationis
927 2043 1086 2138 respetlu
1111 2045 1170 2117 fibi
1189 2043 1359 2120 somniare
1382 2043 1614 2133 videbamur,
1648 2065 1731 2136 qua·

579 2163 685 2218 tenus
700 2146 758 2214 vix
771 2142 883 2213 oculis
905 2137 1014 2212 fidere
1028 2141 1223 2229 audebant,
1249 2159 1345 2215 tanta
1361 2160 1437 2214 erat
1450 2139 1605 2234 ipsorum
1620 2141 1730 2216 admi·

578 2241 691 2326 ratio,
718 2253 815 2311 tanta
828 2238 957 2311 latitia.
996 2235 1070 2310 Etsr
1086 2239 1270 2332 prophetat
1285 2260 1360 2313 rem
1374 2261 1452 2314 earn
1466 2238 1726 2331 predixerunt,

580 2337 630 2432 pii
654 2337 761 2409 etiam
779 2335 872 2408 inter
893 2334 985 2428 ipsos
1011 2357 1089 2410 eam
1107 2335 1367 2434 salsissimum,
1399 2353 1557 2409 attamen
1577 2336 1726 2428 vixprae

576 2434 629 2508 rei
649 2429 852 2506 difficultate
875 2454 952 2506 earn
973 2438 1074 2506 certo
1097 2430 1158 2524 srbi
1178 2434 1410 2526 promittere,
1434 2434 1468 2504 dc
1490 2433 1526 2504 in
1544 2453 1591 2506 eo
1604 2430 1726 2505 secure
1761 2451 1762 2454 ’

331 2522 333 2525 ’
449 2625 454 2630 .
578 2530 800 2623 acquiescere
821 2529 1017 2617 audebant,
1035 2529 1089 2617 dt,
1105 2551 1187 2603 curn
1205 2549 1258 2602 res
1275 2527 1515 2622 prestaretur,
1532 2552 1602 2622 prae
1618 2529 1727 2602 vehe-

577 2626 698 2704 mente
722 2619 912 2712 desrdcrio,
937 2627 997 2698 via
1020 2627 1165 2702 credere
1183 2643 1400 2720 potuerunt,
1424 2649 1501 2701 rem
1518 2627 1587 2698 sese
1601 2626 1648 2704 ita
1665 2625 1726 2698 ha·

577 2727 681 2799 bcre:
707 2727 810 2817 plane
832 2723 961 2797 eodem
983 2725 1115 2814 modo,·
1144 2745 1215 2814 quo
1236 2721 1396 2816 Apostoli
1420 2745 1502 2820 erga
1524 2719 1724 2816 resurrotlio-

578 2845 652 2894 nem
674 2819 820 2905 Christi,
846 2823 931 2901 licet
949 2842 970 2891 a
988 2821 1147 2894 Domino
1162 2821 1248 2912 l'aepe
1262 2821 1479 2914 praediiiam,
1506 2815 1631 2892 adseili
1645 2817 1724 2892 fue·

578 2931 674 2992 runt.
725 2915 814 3004 Sed,
839 2916 1076 3006 cumdicunt,
1102 2914 1136 2988 se
1150 2913 1254 3012 fuiffo
1278 2915 1383 3010 instar
1397 2915 1654 3007 somniantium,
1686 2913 1725 2988 sr-

578 3015 654 3088 mul
677 3012 852 3100 indicant,
889 3010 924 3084 se
947 3031 1032 3084 vere
1057 3013 1141 3104 quid
1157 3013 1200 3084 de
1207 3011 1447 3110 somniantibus
1461 3011 1636 3100 habuilse,
1662 3011 1725 3086 fibi

579 3132 665 3186 mox
680 3108 778 3204 plura
793 3109 827 3181 &
844 3109 978 3199 majora
993 3109 1256 3200 pollicend0,&
1273 3111 1316 3182 de
1331 3111 1421 3185 statu
1436 3110 1497 3186 suo
1513 3109 1724 3208 cogitand0‚

480 3249 483 3254 <
580 3231 685 3304 quam
701 3206 750 3278 rei
770 3204 902 3278 veritas
916 3204 1125 3297 patiebatur.
1151 3205 1212 3279 Uti
1229 3207 1462 3296 somniantes,
1476 3209 1725 3304 imaginatione

581 3304 711 3394 delusi,
748 3301 889 3395 objesro
921 3302 1045 3393 cupito
1069 3301 1139 3375 frui
1172 3303 1338 3378 videntur
1353 3329 1373 3393 ,·
1404 3303 1724 3393 uenientum,

579 3405 666 3476 licet
685 3403 728 3476 ab
752 3423 797 3474 eo
816 3401 921 3496 longe
941 3397 1070 3488 ubsrum
1096 3399 1192 3494 quod
1213 3405 1512 3496 evigilantescum
1531 3401 1654 3474 dolore
1668 3421 1726 3474 eu·

582 3497 789 3594 pariuntur:
814 3495 861 3570 fic
885 3497 1031 3571 reduces
1050 3497 1275 3586 laetabantur,
1301 3497 1368 3571 aeli
1379 3490 1449 3589 iarn
1466 3497 1632 3574 summanr
1647 3520 1731 3590 pro·¹

581 3594 784 3686 speritatem
805 3613 843 3668 et
863 3593 1083 3670 stabilitatem
1105 3617 1223 3671 rerum
1248 3594 1383 3670 suarum
1396 3595 1509 3688 essent
1524 3594 1728 3683 consecuti,
1830 3598 1834 3606 '

583 3692 811 3782 aquaadhuc
825 3693 931 3786 longe
945 3707 1046 3765 erant
1060 3696 1209 3776 remoti;
1236 3693 1528 3787 quemadmodum
1547 3691 1726 3789 progressu

585 3785 753 3875 temporis
775 3810 839 3879 per
858 3788 964 3878 ipsam
987 3787 1242 3878 experientiam
1265 3789 1485 3877 didicerunt,
1511 3790 1633 3867 &hoc
1650 3787 1726 3880 ipso

582 3895 767 3972 tempore,
801 3905 871 3974 quo
897 3884 967 3955 ode
990 3883 1184 3974 composita
1204 3882 1274 3971 est,
1298 3888 1585 3977 experiebantur:
1617 3907 1725 3976 quare

561 3977 846 4071 comparatione
865 3979 959 4054 iuter
980 3977 1187 4075 presentem
1201 3981 1297 4061 suam
1310 3982 1552 4061 conditionem
1567 3979 1723 4070 tristem,
1742 4043 1747 4052 ,

1381 4358 1385 4366 .
1493 4329 1512 4370 ἦ
