3984 5159
460 603 538 664 ru
607 584 789 670 asu
835 585 868 664 L
915 586 970 664 u.
1028 586 1199 671 cmv,
1306 617 1400 694 ru

244 773 428 853 Nonnulla
452 773 511 846 hic
535 771 718 869 proferri,
751 770 898 864 fateor,
937 793 1015 870 quae
1033 775 1167 868 maiore
1188 733 1341 870 emphafi
1362 779 1400 856 in
1555 846 1561 854 ,

231 895 360 970 ‚regno
378 868 507 943 Meffiae
529 873 650 945 locum
672 871 825 960 habent,
849 892 929 968 quae
949 872 987 944 in
1008 871 1081 967 ipsa
1101 871 1311 948 tradiatione
1336 875 1398 951 l'ub

242 991 369 1046 manus
395 967 565 1056 venient,
597 969 757 1061 adeoque
777 991 851 1044 non
875 971 1083 1060 intercedo,
1123 971 1311 1066 quominus
1332 971 1398 1046 sta»

243 1080 387 1154 tuatur,
402 1065 578 1139 Davidem
592 1087 613 1136 a
625 1064 757 1158 Spiritu
773 1065 939 1142 itafuilse
953 1064 1149 1158 directum,
1164 1083 1206 1142 ut
1223 1070 1396 1146 virtutum

133 1212 135 1243 r
244 1163 457 1256 Divinarum
479 1159 910 1244 demonstrationemtam
932 1163 1130 1241 fortiter&
1151 1165 1398 1241 universaliter

243 1261 481 1354 exprimeret,
505 1278 545 1333 ut
568 1260 613 1332 de
634 1282 674 1331 re
698 1281 747 1332 uo
770 1256 921 1347 Melliae,
953 1262 1154 1354 antitypico
1175 1263 1397 1355 Salomonis,

133 1426 136 1463 ,
241 1355 323 1432 ansa
351 1377 493 1452 quoque
514 1281 700 1451 cogitant&
727 1353 898 1440 daretur,
937 1358 1234 1447 quemadmodum
1256 1360 1291 1434 dr
1313 1362 1394 1437 alibi

241 1450 283 1527 fit
299 1477 310 1528 r
334 1468 490 1534 attamen
507 1450 670 1546 primo&
686 1447 823 1526 dirette,
833 1451 875 1522 ad
891 1449 1038 1524 Davidis
1056 1453 1177 1528 ultima
1192 1455 1225 1527 dc
1240 1458 1396 1536 Salomo-

134 1599 137 1614 ·
235 1551 296 1626 nis
321 1569 483 1646 tempora
498 1547 622 1642 respici
636 1546 855 1637 censuerim,
881 1546 963 1641 quia
978 1547 1065 1622 nulli
1080 1550 1263 1641 proprii&
1278 1553 1395 1630 distin·

133 1625 138 1661 ¹
240 1641 324 1720 ttivi
344 1648 443 1744 regni
464 1643 595 1720 Meffiae
616 1641 832 1720 chamberes
852 1644 911 1718 hic
929 1641 1005 1717 sese
1020 1643 1199 1738 produnt,
1224 1653 1395 1728 nonnulla
1416 1709 1419 1714 .

234 1745 350 1826 ¹etiam
379 1759 602 1832 occurrunt,
633 1763 712 1836 quae
732 1742 770 1816 in
791 1763 940 1838 regnum
963 1739 1034 1814 Dei
1056 1742 1253 1824 universale
1268 1745 1395 1824 rectius

134 1865 139 1886 ’
241 1863 346 1936 quam
365 1839 497 1914 Meffiae
522 1839 714 1934 quadrant,
749 1853 791 1910 ut
809 1838 901 1912 vers.
925 1859 983 1926 10,
1012 1842 1143 1929 14-·'16.
1198 1836 1309 1915 Recte
1330 1844 1394 1918 ita.

234 1961 305 2032 que
332 1938 462 2012 fecerit
484 1935 684 2028 Interpres,
705 1933 741 2025 ‘fi
758 1933 898 2033 Deum,
930 1935 1133 2030 supremum
1157 1957 1298 2034 regem,
1332 1943 1394 2034 qui

134 2074 137 2083 .
236 2032 477 2126 majestatem,
502 2029 665 2120 iustitiam
687 2021 722 2104 dc
741 2031 958 2119 bonitatem,
982 2031 1077 2108 suam
1091 2034 1129 2108 in
1143 2035 1331 2123 universo,
1357 2037 1393 2114 δι

134 2203 137 2207 ,
288 2125 375 2227 pulo
399 2126 463 2204 suo
481 2140 646 2223 tempore
666 2127 884 2217 Salomonis,
904 2127 1003 2202 limul
1022 2126 1175 2221 Meliiae,
1200 2130 1391 2212 illustribus

134 2226 138 2236 ’
267 2228 340 2304 'nis
362 2225 395 2300 ἃ
419 2223 555 2300 effediis
571 2221 848 2313 demonstravit,
873 2225 912 2312 in
925 2226 1039 2300 oculis
1055 2225 1235 2318 habuerit,
1249 2229 1391 2331 imag.

133 2386 135 2415 ,
235 2322 439 2397 nificentius
469 2315 559 2416 dicta
587 2322 631 2398 ad
660 2319 792 2398 Meffiae
820 2334 1004 2415 tempora,
1042 2321 1080 2398 in
1103 2323 1388 2420 primisudma,

134 2420 135 2433 '
232 2440 350 2592 reffno
371 2418 566 2498 Salomonis
580 2417 852 2516 respondentia,
870 2418 1051 2506 ¹renuerit.
1098 2418 1218 2520 Quam
1230 2425 1389 2524 regulam

392 2507 397 2516 ι

228 2521 281 2606 ob
297 2513 506 2595 errabimus.

291 2786 455 2902 ux
515 2795 554 2902 r
617 2794 665 2906 u
727 2797 752 2902 1
817 2789 991 2958 cn
1049 2797 1184 2906 rr
1245 2771 1385 2908 0.·'

237 3093 242 3105 ,
277 3017 310 3105 §.
330 3011 379 3091 V.
403 3011 522 3088 Prima
543 3037 652 3111 pars,
668 3035 736 3110 qua
755 3011 914 3092 officium
928 3015 965 3090 dr
977 3013 1197 3110 propolitum
1211 3015 1257 3088 de
1275 3015 1378 3105 Deo,

226 3133 314 3210 rege
339 3109 422 3201 suo,
448 3113 662 3210 celebrando
682 3114 720 3187 in
742 3114 1156 3207 perpetuum.·expromit
1171 3113 1209 3186 iu
1227 3132 1384 3210 genere,

225 3209 282 3298 ita
296 3212 424 3296 babet,
449 3209 540 3293 vers.
567 3234 599 3297 1,
616 3232 649 3284 a.
675 3207 846 3284 Extollam
861 3227 916 3301 re,
940 3208 1119 3284 Deus-mi!
1143 3233 1250 3304 regem
1264 3206 1384 3302 dium,

226 3303 275 3388 Θ
297 3307 478 3380 benedicam
502 3313 625 3382 nomini
648 3322 703 3380 tuo
725 3312 762 3381 in
776 3305 926 3404 seculum
941 3304 992 3388 δ’
1014 3319 1178 3381 eternum.
1229 3305 1384 3406 Quotidie

221 3405 412 3491 benedicant
433 3406 515 3493 tibi,
539 3419 571 3478 et
593 3407 750 3481 celebrabo
763 3407 1033 3478 comminatione
1050 3427 1162 3477 nonen
1177 3415 1270 3476 tuum
1283 3409 1321 3476 in
1329 3401 1384 3499 sea·

222 3503 341 3589 culum
363 3511 395 3570 et
418 3514 583 3576 etenum.
608 3502 645 3575 b.
667 3519 701 3582 e,
749 3499 827 3587 Te,
857 3523 883 3578 ο
904 3499 1028 3590 Deus,
1044 3499 1120 3594 tqui
1141 3519 1241 3573 meus
1262 3521 1320 3589 es,
1346 3499 1385 3574 dt

223 3592 330 3694 cujus
351 3616 424 3692 ego
441 3594 544 3686 sum,
577 3595 721 3674 summis
740 3597 900 3672 laudibus
922 3596 1112 3685 extollam,
1135 3596 1235 3672 laetus
1249 3598 1282 3670 dr
1297 3593 1381 3674 cum

223 3695 420 3792 gratiarum
441 3684 579 3769 actione
604 3695 815 3786 celebrabo,
852 3715 894 3768 ac
916 3695 1003 3769 ioto
1029 3713 1180 3790 corpore
1203 3695 1238 3769 ἀ
1258 3695 1379 3770 animo

224 3795 391 3880 vibrato,
418 3789 479 3864 seu
504 3789 745 3883 intenfiffime,
766 3790 917 3868 laudabo
931 3805 1096 3885 tanquam
1108 3789 1309 3884 supremum
1323 3813 1380 3865 re-

225 3911 309 3988 gem
333 3887 486 3962 univerb
507 3887 541 3962 dc
561 3889 686 3985 populi
707 3888 791 3978 tui,
811 3889 872 3983 qui
899 3887 972 3964 sese
999 3887 1188 3985 gloriosum
1217 3885 1379 3980 praestitit
1527 3927 1529 3932 v

225 3991 262 4060 dr
285 3986 571 4063 celeberrimum.
621 3985 734 4061 Deum
755 3985 929 4080 adpellat,
960 4007 1066 4080 quern
1082 3985 1264 4060 celebrare
1275 3985 1379 4081 vult,

225 4081 262 4160 dc
271 4083 380 4182 fnum
401 4082 513 4182 dicit,
543 4085 625 4183 quia
645 4105 691 4162 eo
712 4098 879 4176 tanquam
901 4082 965 4162 uli
980 4081 1186 4176 eruebam,
1209 4081 1243 4155 dr
1263 4081 1303 4187 ei·
1316 4079 1381 4150 ob·

724 4181 867 4260 Aaaaa
890 4202 913 4285 3
1229 4169 1383 4274 ,mrem
