3984 5159
493 530 496 533 ·
595 530 673 591 rr
740 461 1343 625 iszntrtfc'xx:
1452 536 1562 635 ις).
1656 542 1662 552 ‘
1767 496 1770 503 ’

359 712 485 791 erdem
509 708 650 787 ratione
680 706 725 782 ad
752 702 970 783 Christianos
988 706 1084 783 inter
1104 709 1239 791 Gentes
1260 712 1440 795 versantes
1462 740 1519 797 ac·

358 809 580 889 commodari
601 820 731 902 queat,
754 805 829 880 imo
848 804 883 878 dt
902 804 948 878 ed
967 804 1046 899 pios
1065 812 1228 902 ternpore
1242 812 1414 889 Antiochi
1431 814 1516 911 Epi·

357 909 502 1006 phanis,
544 905 685 1003 quando
705 900 1007 978 eandemsortem
1030 924 1050 975 a
1069 903 1163 997 Syris
1185 906 1220 980 dt
1243 908 1358 1005 impiis
1377 909 1517 1005 Judaeo·

357 1030 439 1083 rum
457 1005 574 1080 subire
598 998 712 1076 coacti
732 998 826 1074 sunt
874 996 975 1073 Nihil
993 998 1052 1072 hic
1075 1002 1276 1096 reperitur,
1301 1008 1514 1103 quodhuic,
1607 1062 1610 1067 ·

359 1105 422 1179 vel
434 1102 486 1177 illi
499 1104 657 1195 perlonae
668 1110 732 1171 aut
747 1094 927 1188 tempori,
947 1096 1124 1173 cauticum
1140 1098 1331 1199 adstringit.

266 1276 273 1281 ,
408 1205 442 1293 p
459 1196 522 1270 Xl.
546 1190 641 1291 Ergo
654 1215 744 1269 meae
763 1190 997 1289 cogitationes
1013 1191 1062 1267 ita
1075 1193 1206 1271 habent
1215 1247 1228 1289 ,
1254 1200 1432 1278 canticum
1447 1204 1515 1299 pri·

358 1320 424 1374 mo
440 1296 476 1368 dt
495 1291 623 1367 directe
644 1292 688 1364 ad
705 1288 812 1384 ipsius
849 1305 941 1365 oete
955 1288 1200 1370 conditionem
1214 1296 1410 1392 respicere,
1436 1298 1517 1376 srsrt
1570 1349 1572 1363 ,

359 1390 500 1480 David,
523 1386 698 1481 cumipse
719 1409 740 1459 a
761 1312 865 1462 Satrio
886 1388 1032 1481 eiusque
1056 1388 1258 1467 confiliariis
1279 1393 1330 1467 est
1346 1408 1514 1489 vexatus,

359 1488 388 1565 ss
408 1485 526 1582 aliquis
546 1484 873 1581 prophetarum,ut
886 1482 986 1557 Elias
1000 1504 1058 1559 ex.
1072 1505 1139 1582 gn,
1153 1508 1235 1565 cum
1250 1510 1270 1563 a
1285 1490 1514 1588 pseudo-pro·
1545 1518 1554 1541 .
1667 1492 1672 1499 “

361 1585 477 1682 phetis
499 1582 632 1678 petitus
652 1579 690 1654 in
710 1580 865 1655 eundem
886 1577 1015 1657 statum
1040 1582 1276 1661 oberrationis
1293 1586 1327 1660 u
1342 1588 1512 1687 angustia·

359 1694 443 1758 rum
461 1679 512 1755 est
531 1674 743 1771 conjectus,
774 1675 799 1749 fr
825 1676 949 1771 aliquis
971 1678 1050 1773 pius
1067 1694 1230 1775 ternpore
1255 1682 1513 1777 persecutionis

360 1778 701 1876 Epiphanicae2cum
714 1773 787 1869 ipse
802 1772 837 1847 u
851 1774 936 1849 socii
952 1775 1079 1871 uSyris
1094 1776 1129 1851 &
1143 1777 1259 1871 impiis
1273 1778 1513 1879 affligerentur

356 1881 408 1955 ob
425 1873 675 1984 professionem
689 1871 929 1967 &pietatem
947 1872 1066 1949 multis
1079 1874 1262 1950 calumniis
1275 1878 1404 1954 obruti.
1420 1876 1513 1977 Quae

357 1971 497 2049 deliniri
518 1986 714 2064 nequeunt
762 1968 832 2043 Sed
862 1983 1036 2065 praeterea
1067 1968 1357 2066 existimaverim,
1389 1976 1441 2051 Ps.
1466 1976 1512 2051 ad

305 2096 311 2107 ·
358 2072 441 2147 alias
453 2070 582 2144 similes
604 2066 791 2161 personas,
824 2063 1021 2163 ssmilesque
1041 2065 1157 2160 caius,
1189 2068 1391 2163 rectione,
1414 2072 1511 2149 &ex

358 2166 470 2260 scopo
489 2164 657 2260 Spiritus,
681 2164 772 2237 hanc
785 2162 882 2237 oden
897 2165 935 2239 in
948 2183 1162 2263 perpetuum
1183 2166 1324 2261 piorum
1339 2168 1440 2248 usum
1454 2169 1509 2248 iu·

358 2262 541 2359 spirantis,
558 2260 837 2350 accommodari,
850 2272 893 2332 ut
905 2280 961 2334 ex.
977 2282 1030 2358 gr.
1044 2262 1089 2335 td
1105 2260 1338 2353 Christianos,
1353 2268 1511 2359 primum,
1541 2344 1560 2371 ⁸
1635 2312 1641 2318 -

345 2359 608 2461 ,interJudaeos
622 2356 704 2433 dein
724 2357 819 2432 iuter
841 2355 997 2446 Gentes,
1021 2355 1138 2433 hostili
1150 2358 1188 2433 in
1205 2380 1266 2433 eos
1282 2362 1423 2449 animo,
1449 2362 1508 2436 de-
1603 2416 1612 2442 s,

352 2454 502 2559 gentes,
527 2456 678 2549 deniqne
697 2454 741 2527 ad
760 2454 902 2549 quosvis
923 2454 1011 2529 alios
1030 2455 1110 2548 pios
1132 2456 1181 2529 ob
1203 2451 1457 2535 confeffionem
1469 2459 1509 2550 dt

233 2548 241 2565 '
381 2552 636 2631 icutemsuam
651 2576 672 2626 a
685 2552 913 2647 popularibus
927 2550 1506 2650 vexatostcagitatosnnutpaci·

353 2578 423 2727 goe
439 2652 533 2727 inter
545 2672 608 2725 eos
621 2670 726 2747 agere
741 2662 920 2743 nequeant
935 2648 1030 2743 pacis
1043 2646 1289 2738 studioliffimi,
1304 2649 1363 2724 sed
1376 2652 1504 2731 calum·

354 2751 445 2839 niis,
468 2749 611 2842 aliisque
632 2745 780 2835 insidiis,
801 2746 838 2820 in
852 2746 1013 2821 omnium
1027 2744 1198 2821 odium&
1214 2746 1505 2824 invidiamaddu·

355 2846 403 2921 cti
416 2847 486 2919 huc
502 2845 585 2919 illuc
597 2843 716 2919 salutis
728 2864 815 2941 ergo
829 2844 949 2940 vagari
963 2842 1129 2919 debeant.
1187 2841 1325 2943 Quibus
1338 2847 1505 2923 omnibus

353 2942 409 3019 lrae
431 2963 575 3037 preces,
599 2945 702 3017 libero
721 2946 865 3013 animone
883 2938 1047 3034 nostram,
1078 2941 1133 3015 hae
1146 2939 1437 3017 denuntiationes
1448 2945 1504 3033 ju·
1645 3026 1651 3050 Ι
1699 2937 1704 2947 “
1753 2980 1755 2990 ,

250 3129 257 3141 1
350 3041 526 3117 diciorum
545 3038 763 3114 Divinorum
784 3034 878 3111 reue
893 3039 1117 3138 congruunt,
1143 3036 1354 3115 ueceffedlu
1367 3054 1502 3113 carent.
1546 3116 1549 3123 ,

349 3136 613 3237 Distinguamus
632 3136 751 3229 itaque
771 3133 867 3209 inter
889 3152 1006 3231 poetae
1019 3138 1168 3231 primam
1182 3136 1440 3221 interitionem,
1466 3136 1503 3211 dt

350 3237 478 3312 capuci
493 3236 703 3311 ulteriorem
716 3235 1104 3322 accommodationem,
1130 3230 1410 3333 statuarumque,
1425 3230 1500 3325 Spi-

350 3334 457 3409 ritum
473 3347 633 3408 nreutem
646 3330 723 3422 ejus
738 3331 789 3406 ita
800 3329 1031 3420 direxiffe,ut
1044 3328 1208 3403 Eccleliae
1223 3331 1257 3405 dt
1271 3330 1335 3421 piis
1351 3328 1498 3421 sequen·

349 3432 440 3507 tium
455 3427 878 3523 temporum'enemplum
897 3428 1092 3519 praeberet,
1122 3428 1166 3499 ab
1188 3424 1264 3518 iplis
1278 3425 1315 3499 in
1330 3424 1498 3501 similibus

350 3524 723 3611 ealibusinritaudum,
753 3524 916 3615 adeoque
937 3519 1010 3611 Bi,
1036 3534 1201 3613 tanquam
1221 3524 1384 3616 generale
1398 3544 1499 3620 argu-

348 3640 512 3700 mentum
538 3622 785 3716 complexum,
817 3618 917 3711 cuius
943 3630 1137 3713 perpetuus
1165 3616 1259 3692 foret
1287 3619 1324 3693 in
1343 3618 1500 3697 Ecclelia

348 3720 447 3809 usus,
473 3720 775 3813 contemplemur,
806 3717 842 3791 dt
861 3717 1086 3814 explicemus.
1137 3714 1218 3888 (gua
1232 3714 1371 3792 admissa
1386 3718 1496 3814 hypo·

350 3816 458 3906 theo,
484 3817 533 3891 nil
553 3830 688 3891 temore
708 3812 917 3907 definietur,
943 3814 978 3889 dc
996 3812 1133 3895 sensum
1176 3811 1200 3889 s.
1217 3810 1310 3886 reue
1327 3817 1499 3909 percipie·
1571 3832 1576 3839 ·

349 3936 456 4004 mus,
493 3935 535 3988 uc
562 3913 606 3987 ad
636 3912 716 3989 suos
741 3912 870 4005 cuique
895 3912 1143 4008 permittemus
1166 3909 1357 3991 transferre
1379 3912 1495 4002 casus,

348 4010 433 4089 huic
453 4010 719 4106 respondentes
1493 4060 1498 4071 ·

344 4157 364 4177 ..
525 4132 533 4147 ·
603 4114 665 4165 Γ
899 4100 966 4183 Kk
1234 4100 1497 4186 EXPLICA.
