3984 5159
436 599 506 660 nn
575 574 840 677 ΗΜ.
888 579 946 660 M.
1017 571 1220 686 Χῑμῑξθ.
1321 599 1400 700 639
1502 685 1505 692 Δ

213 762 327 877 'qnam
347 771 572 872 paraphrasin
585 769 770 869 premittit
790 771 1004 853 relationem
1016 773 1168 858 snam-ad
1183 779 1303 859 Deum
1314 781 1389 876 jam

222 896 306 956 ante
328 875 474 965 initam,
497 873 536 948 ἃ
559 871 645 946 dein
666 893 835 966 precum,
863 893 962 968 nunc
981 873 1160 967 susorum,
1192 881 1388 958 exauditio·

218 997 307 1054 nem
327 970 528 1070 subiungit,
552 969 695 1066 quando
717 992 795 1047 earn
814 991 913 1047 nova
935 973 1077 1056 ratione
1098 990 1223 1074 urget,
1251 979 1386 1058 &con-

220 1071 408 1150 fidentiam
436 1069 534 1146 suarn
559 1090 661 1156 novo
681 1066 926 1146 fundamento·
937 1067 1065 1160 fulcit,
1096 1093 1140 1146 ex
1162 1073 1388 1172 superiorum

220 1185 431 1266 temporum
450 1167 685 1264 experientia.
740 1166 811 1249 Sed
830 1165 974 1262 possunt
991 1189 1135 1263 quoque
1160 1175 1281 1248 omnia
1310 1177 1390 1271 capi

220 1269 270 1346 de
291 1268 476 1364 praeterito
497 1281 682 1361 tempore,
707 1263 991 1360 qquehovam‚
1017 1279 1185 1360 tanquam
1199 1269 1319 1348 Deum
1332 1273 1386 1349 su.

218 1388 311 1460 nna,
341 1367 481 1455 oravit,
511 1365 741 1458 &expertus
770 1361 820 1436 est
850 1376 1041 1456 patronum
1065 1385 1107 1438 ac
1127 1365 1389 1460 liberatoremp

220 1487 294 1558 qua
312 1465 451 1540 ratione
484 1462 627 1550 verba,
668 1460 787 1533 exaudi
817 1456 951 1558 Jelooa
973 1484 1084 1536 ortem
1105 1459 1387 1560 supplicationum
1459 1537 1460 1540 i

112 1570 115 1602 ³
219 1584 390 1651 erearum,
413 1560 631 1648 adverbum
654 1558 726 1630 dixi
748 1556 936 1633 referenda
953 1557 1054 1648 sunt,
1088 1558 1224 1638 &cum
1251 1583 1299 1638 eo
1324 1585 1388 1640 co·

113 1650 114 1701 l
220 1659 438 1748 haerebunt,
471 1654 620 1731 &vers
653 1657 684 1730 8.
717 1655 917 1732 continebit
947 1654 1211 1732 exaudititionis
1232 1681 1386 1754 precum

113 1832 114 1837 i
219 1754 245 1831 s
262 1756 426 1845 ecimen,
447 1752 548 1850 quod
559 1766 664 1827 antea
678 1750 892 1828 consecutur
905 1767 1005 1844 erat3
1021 1753 1184 1850 adeoque
1198 1757 1381 1852 paraphra-

288 1853 340 1928 ita
363 1849 591 1928 instituenda
641 1848 731 1926 Dixi
759 1863 864 1924 autea
894 1853 956 1923 rili
979 1847 1141 1949 Jehoon3
1168 1849 1263 1928 Deur
1291 1877 1387 1929 meur·

214 1963 278 2041 ru,
289 1951 409 2025 exaudi
415 1946 677 2046 supplicationes
692 1967 800 2036 ment,
813 1967 884 2024 nec
897 1943 1050 2036 frustra,
1064 1947 1268 2024 exaudivisti
1283 1953 1384 2030 enirn·

112 2054 115 2103 l
214 2046 380 2142 semper,
404 2047 491 2132 dum
506 2059 543 2118 te
564 2043 651 2118 mihi
665 2041 866 2138 praestiteris
878 2043 1128 2141 rulursalutis,
1154 2046 1380 2144 &pratereu-

214 2143 276 2219 isti
295 2147 399 2240 capiri
421 2165 488 2216 aneo
506 2142 544 2218 in
567 2143 619 2214 die
641 2157 832 2218 armatum.
886 2140 980 2243 Quae
1009 2141 1216 2238 hypothesin
1241 2147 1384 2241 perico-

215 2262 300 2336 pam
324 2237 525 2335 explicandi
545 2236 721 2333 posterior
740 2239 848 2336 magis
878 2241 1018 2335 placet,
1054 2262 1085 2316 1.
1113 2242 1193 2335 quia
1213 2243 1262 2320 ita
1284 2243 1379 2320 insti.

112 2352 116 2401 1
214 2338 288 2414 tuit
310 2337 362 2411 Pi.
385 2357 507 2412 xxvru
526 2339 563 2425 8,
586 2359 619 2432 9.
651 2335 718 2414 &c
750 2357 791 2412 ut
812 2338 862 2411 ibi
884 2335 1043 2432 exposui.
1078 2359 1112 2412 21.
1138 2338 1219 2432 quia
1238 2363 1384 2433 voces,
1442 2373 1443 2376 ¹

113 2452 116 2499 r
214 2435 338 2510 axau&
355 2448 596 2530 procernens,
613 2431 702 2508 vers.
722 2455 760 2529 7.
782 2455 881 2530 aeque
903 2455 945 2508 ac
966 2433 1062 2507 Deus
1083 2455 1172 2508 meur
1192 2457 1245 2524 er,
1271 2439 1384 2513 mani·

167 2559 176 2572 ·
214 2529 314 2607 feste
332 2530 514 2607 coherent
536 2551 620 2608 cum
644 2533 763 2606 verbo·
779 2533 875 2622 dixi,
903 2531 1028 2624 utique
1051 2528 1166 2606 sermo
1185 2532 1234 2606 ita
1248 2533 1380 2611 ecilino

214 2627 307 2706 fluit
365 2650 399 2722 3.
424 2629 524 2722 quia,
549 2650 633 2705 cum
653 2625 743 2704 vers.
770 2631 801 2704 8.
828 2627 1010 2722 specimen
1031 2626 1276 2706 exauditarun
1294 2653 1378 2725 pre-

214 2747 301 2804 cum
319 2728 357 2802 in
377 2727 591 2802 liberau'one
608 2750 632 2799 a
644 2727 732 2802 Deo
749 2723 902 2819 praestita
921 2723 1218 2819 repraesentetu,
1244 2747 1303 2804 eas
1316 2751 1377 2805 an.

216 2839 257 2900 te
280 2825 366 2899 illud
387 2821 567 2916 specimen
588 2821 680 2896 fusas
703 2822 794 2898 vers
810 2847 845 2918 7.
864 2823 1037 2920 intelligi,
1059 2823 1167 2922 longe
1181 2825 1296 2920 aptius
1310 2827 1377 2902 cll.

214 2919 414 2998 Continent
441 2926 559 3014 itaque
585 2919 623 2992 hi
650 2919 723 2994 duo
744 2920 864 2994 versus
885 2919 1157 2998 fundamentum
1176 2919 1315 2999 fiduciae
1337 2925 1378 3002 δι

212 3018 482 3116 exspectationis
496 3017 627 3092 excidii
639 3015 813 3108 hostium,
838 3021 938 3112 cuius
951 3017 1216 3114 predisiionem
1231 3022 1320 3098 vers.
1336 3045 1376 3120 9.

212 3118 281 3194 &c
308 3139 390 3192 cum
417 3114 546 3196 fiducia
565 3116 614 3190 ob
636 3116 761 3190 oculos
784 3113 878 3190 sistit
1214 3183 1217 3191 .

264 3221 296 3307 §-.
326 3213 422 3288 Xlll.
452 3214 633 3290 Memorat
658 3212 798 3307 itaque,
829 3228 869 3292 ut
896 3212 1089 3296 secundum
1110 3213 1237 3308 janum
1259 3215 1376 3310 hypo-

210 3313 327 3390 thesm
350 3314 461 3386 verba
480 3310 638 3386 breviter
660 3313 855 3407 explicem,
885 3338 917 3388 a.
941 3336 1092 3411 quacum
1113 3311 1379 3408 fiduciamque

211 3409 451 3488 fundamento
458 3409 576 3484 Deum
589 3423 694 3484 antea
706 3409 818 3487 suerit
829 3411 950 3487 solitus
964 3433 1065 3487 orare
1080 3411 1371 3506 recipluntur

212 3504 570 3585 effeslum‘habuerit
591 3506 820 3600 supplicatio,
847 3509 936 3582 vers.
963 3513 995 3583 8¹.
1038 3533 1070 3584 n.
1095 3508 1195 3584 Prius
1218 3508 1270 3583 iris
1291 3529 1371 3582 uer·
1449 3559 1464 3572 .*

209 3608 290 3698 bis,
315 3602 406 3677 vers.
434 3626 468 3696 7.
496 3601 586 3674 Dixi
613 3600 773 3702 Jebovae,
789 3603 892 3677 Deus
912 3627 1001 3678 meus
1022 3620 1082 3694 aar,
1105 3607 1223 3679 exaudi
1236 3602 1373 3704 Jehovn

212 3726 321 3779 vocem
327 3698 607 3796 supplicationum
620 3723 774 3775 mearum.
800 3702 835 3776 lr.
850 3722 884 3776 e.
908 3699 981 3774 hoc
994 3699 1252 3794 fundamento,
1273 3702 1375 3800 quodi

212 3817 278 3891 re,
296 3796 369 3872 sese
384 3799 471 3873 mihi
483 3796 699 3874 offerentem
715 3797 852 3890 Deum,
879 3795 1099 3894 receperim,
1125 3802 1233 3876 corde
1249 3821 1370 3878 acore

213 3897 388 3996 proserius
411 3913 446 3972 te
462 3895 531 3970 eise
546 3895 666 3970 Deum
682 3919 824 3989 meum,
854 3901 955 3993 cujus
968 3897 1043 3976 sum
1061 3898 1180 3976 seruus
1197 3901 1230 3974 ἀ
1246 3900 1368 3976 foede-

213 4009 335 4083 ratus,
359 3995 418 4068 cui
439 3992 659 4084 etiam'iido,
682 3994 754 4072 hoc
775 3997 921 4090 inquam
931 3998 1166 4075 fundamento
1188 4000 1265 4073 dixi·
1279 4000 1370 4074 ulte·

213 4094 307 4185 rius,
339 4094 456 4168 exaudi
474 4109 585 4192 preces
606 4115 704 4171 mear.
761 4093 852 4172 Dixi
870 4098 990 4192 itaque
1012 4095 1270 4196 antcasernper
1284 4147 1305 4188 ,
1332 4109 1377 4167 att
1490 4167 1493 4174 ,

1334 4210 1380 4262 en
1408 4252 1410 4256 .
