3984 5159
523 605 594 692 394
703 547 1525 652 COMMENTARIUS
1654 585 1667 657 J

529 770 663 847 ciderat
685 762 860 860 populus,
892 761 928 835 tr
948 779 1099 852 quorum
1121 755 1260 834 duratio
1282 780 1303 831 a
1322 774 1552 850 peccatorum
1567 773 1684 839 reten-

414 864 418 872 ’
527 871 640 943 tione
654 863 897 957 dependebat:
933 859 986 930 uti
1000 877 1047 929 ex
1063 854 1151 928 vers.
1171 879 1190 949 3
1209 855 1292 946 &4.
1316 871 1425 948 patet.
1465 859 1511 930 b.·
1528 856 1683 952 Populus

527 965 587 1039 hic
602 963 757 1038 occurrit
773 976 939 1050 tanquam
956 953 1025 1027 Dei
1040 959 1180 1042 timens,
1207 951 1464 1046 &apeccatis,
1489 976 1565 1048 quae
1582 973 1681 1054 tanta

462 1082 465 1088 “
526 1064 618 1138 mala
632 1071 865 1154 pepererant,
891 1057 1045 1142 alienus,
1069 1052 1228 1144 adeoque
1243 1052 1281 1126 in
1296 1071 1342 1124 eo
1357 1049 1448 1125 statu
1462 1051 1613 1145 politus,
1637 1069 1680 1132 ut
1723 1121 1727 1130 .

524 1162 749 1234 redemtionem
773 1153 806 1224 dc
832 1149 1034 1248 remifflonem
1064 1165 1293 1242 peccatorum
1315 1146 1536 1242 exspediare,
1559 1152 1680 1228 &fibi

526 1258 740 1353 promittere
764 1246 877 1344 polilt.
927 1247 1010 1322 Huc
1030 1247 1124 1321 enirn
1146 1245 1328 1335 ducimur,
1372 1246 1467 1340 quod
1488 1248 1571 1320 hinc
1590 1251 1680 1327 ratio

524 1347 729 1426 remillionis
761 1361 931 1443 petatur,
971 1343 1061 1418 vers.
1088 1367 1123 1436 4.
1153 1345 1317 1437 quodque
1340 1344 1436 1418 nulla
1455 1343 1682 1442 restpiseeotio

444 1510 446 1517 .
525 1447 588 1524 fiat
603 1450 761 1536 mentio,
784 1467 862 1540 quae
876 1443 994 1517 omitti
1008 1438 1080 1518 non
1096 1457 1259 1535 poterat,
1283 1439 1306 1514 fi
1321 1442 1473 1535 populus
1489 1443 1576 1516 effer
1590 1444 1681 1522 adeo

524 1538 733 1640 corruptus,
758 1543 792 1616 dt
813 1542 857 1615 de
872 1540 1094 1614 redemtione
1111 1537 1261 1628 Media,
1287 1562 1363 1632 quae
1376 1559 1453 1614 earn
1469 1540 1678 1626 habetcou·
1758 1563 1768 1576 “

521 1644 718 1733 ditionem,
744 1655 931 1738 ageretur,
953 1653 1185 1734 argument0‚
1209 1638 1381 1729 populum
1396 1639 1433 1712 in
1451 1634 1539 1714 statu
1554 1637 1680 1735 restpis·

521 1747 636 1818 centio
655 1737 806 1828 versari3
832 1737 984 1829 denique
1009 1734 1105 1829 quod
1124 1734 1167 1808 de
1181 1731 1304 1808 israele
1319 1735 1356 1810 in
1371 1757 1504 1834 genere
1520 1735 1590 1811 fine
1609 1739 1680 1816 ulla

518 1837 739 1915 restrictione
753 1851 894 1933 agatur,
919 1836 974 1910 cui
989 1834 1167 1909 redemtio
1180 1832 1365 1929 spiritualis
1378 1855 1454 1910 non
1468 1834 1651 1914 convenit.

572 1942 606 2030 ᾗ.
625 1935 687 2011 Vl.
739 1956 772 2007 2.
792 1931 871 2010 Nos
887 1931 1027 2026 itaque,
1053 1929 1152 2008 milis
1167 1933 1258 2019 aliis,
1286 1933 1344 2026 qui
1358 1932 1403 2004 de
1419 1932 1578 2024 Doride,
1603 1958 1686 2036 gra.
1812 1973 1813 1976 κ

519 2038 627 2112 viore
641 2048 744 2108 reatu
765 2029 956 2116 obstribio,
983 2031 1163 2125 cogitant,
1188 2029 1283 2123 quod
1297 2030 1399 2103 nullo
1412 2031 1538 2106 nititur
1553 2031 1678 2110 funda·

523 2148 677 2219 mento,
724 2129 876 2202 maxime
907 2126 1089 2220 probabile
1112 2126 1316 2224 censemus,
1349 2126 1443 2202 oden
1478 2132 1522 2202 ab
1554 2131 1674 2224 aliquo

516 2230 717 2322 Propheta,
740 2224 815 2298 five
830 2224 878 2299 lit
898 2223 1091 2313 Habakuk,
1124 2219 1272 2311 Daniel,
1306 2241 1366 2298 aut
1386 2225 1471 2301 alius
1488 2228 1563 2322 ejus
1586 2245 1673 2306 tem·

516 2328 634 2423 poris,
661 2323 730 2398 else
752 2321 981 2417 compolitam
1005 2322 1040 2395 in
1067 2323 1172 2397 exilio
1199 2323 1437 2426 BabylonicO,
1472 2323 1672 2418 &quidem

517 2447 601 2500 cunr
616 2424 703 2498 illud
718 2423 761 2496 ad
780 2419 889 2496 finem
903 2434 1091 2518 vergeret,
1108 2419 1142 2492 te
1157 2441 1202 2520 eo
1217 2420 1365 2513 tendere
1386 2421 1455 2496 hoc
1472 2426 1672 2517 canticum,

513 2540 556 2598 ut
579 2523 720 2616 piorum
742 2518 973 2614 exspectatio,
999 2515 1204 2604 remillionis
1221 2534 1450 2616 peccatorum
1464 2519 1500 2595 dt
1513 2519 1672 2598 instantis

514 2621 765 2705 redemtionis,
791 2621 827 2691 in
850 2615 1025 2712 publicam
1043 2617 1158 2690 lucem
1173 2613 1350 2688 ederetur.
1401 2617 1441 2690 ln
1458 2617 1669 2712 hanchypo·
1724 2705 1728 2715 Ι

514 2715 627 2791 thesrn
640 2721 760 2806 omnia
778 2715 919 2788 criteria
933 2713 1167 2787 conveniunt.
1205 2713 1300 2785 Mala
1315 2727 1416 2787 erant
1430 2718 1567 2811 gravia,
1590 2717 1666 2792 uni·

513 2812 618 2886 verso
644 2811 1003 2899 lsraelicommunia,
1029 2811 1078 2883 ob
1096 2810 1165 2883 sola
1178 2828 1322 2902 peccata
1337 2811 1396 2903 ipsr
1411 2811 1549 2889 inflida.
1601 2813 1676 2891 Po··

509 2911 615 3006 pulus
636 2929 701 3000 per
720 2909 861 2982 exilium
884 2910 928 2982 ad
950 2905 1125 2982 saniorem
1148 2913 1304 2984 mentem
1331 2905 1488 2983 redadius
1505 2926 1603 2999 erat,
1628 2913 1663 2988 dt

510 3007 709 3103 Jehovam,
743 3007 933 3098 repudiatis
960 3005 1084 3094 idolis,
1109 3007 1267 3100 'ceperat
1289 3007 1469 3094 revereri3
1503 3009 1663 3102 adeoque

507 3107 613 3182 ineo
636 3117 713 3177 erat
740 3102 850 3190 statu,
877 3118 920 3177 ut
941 3101 1140 3195 promiliam
1154 3105 1412 3178 redemtionem
1427 3102 1487 3178 srbi
1503 3107 1662 3199 polliceri

506 3203 633 3300 pollet.
684 3200 850 3293 Denique
874 3199 1022 3274 fuerunt
1044 3221 1091 3274 eo
1108 3217 1288 3294 tempore,
1316 3201 1372 3293 qui
1392 3203 1577 3277 continuas
1593 3227 1662 3299 pro
1737 3255 1738 3258 =

507 3302 566 3376 illa
585 3301 795 3375 liberatione
817 3297 989 3372 fuderunt
1009 3317 1155 3391 preces,
1180 3299 1308 3391 quique
1324 3297 1465 3372 tandem
1480 3299 1512 3373 dt
1526 3302 1587 3398 ipsr
1601 3307 1661 3398 lpe

507 3397 659 3477 filerunt
679 3397 924 3482 corroborati,
965 3395 1159 3490 &populo
1189 3396 1339 3470 eandem
1368 3396 1544 3474 fecerunt.
1606 3399 1662 3479 Ex

466 3496 468 3499 ’
507 3499 633 3588 quibus
654 3521 728 3572 non
759 3493 822 3580 nili
843 3496 932 3571 duos
955 3495 1183 3584 memorab03
1215 3497 1294 3587 quia
1318 3495 1361 3565 de
1383 3495 1449 3567 illis
1473 3496 1508 3567 id
1530 3517 1660 3593 omne,

507 3595 603 3676 quod
632 3595 725 3682 dixi,
762 3594 857 3674 dein
880 3595 972 3668 banc
994 3592 1089 3668 oden
1112 3589 1267 3685 perfedte
1291 3593 1461 3684 quadrat,
1504 3594 1659 3686 constat,
1774 3611 1781 3622 '

504 3685 681 3762 Danielem
698 3692 829 3782 puta&
845 3689 1074 3763 Hoboleokum.
1125 3687 1222 3762 Illius
1245 3691 1361 3764 oratio
1388 3689 1478 3764 Dan.
1502 3713 1548 3764 rx.
1577 3693 1673 3768 huic·

505 3786 646 3858 cantico
668 3787 757 3862 adeo
778 3785 983 3874 limilisest,
1010 3801 1052 3858 ut
1077 3805 1232 3878 nequeat
1245 3787 1315 3859 elie
1329 3785 1494 3882 similior..
1532 3785 1656 3880 Hunc,

504 3901 609 3974 quem
632 3884 760 3957 eodem
784 3883 904 3957 virille
924 3878 1031 3957 exilio
1054 3883 1203 3958 omnino
1218 3883 1435 3971 existimem,
1463 3885 1554 3957 haud
1569 3884 1656 3960 diffi-

500 3979 601 4054 mlles
616 3999 738 4072 preces
755 3981 901 4070 fudille,
927 3982 985 4069 de,
1005 3979 1100 4073 quod
1120 3998 1222 4074 noe,
1249 3983 1282 4054 in
1303 3982 1442 4076 specula
1461 3981 1552 4074 quast
1569 4004 1655 4058 con.

499 4075 641 4174 llitiffe,
666 4075 710 4152 ad
732 4076 1004 4174 exspettandunr
1024 4077 1096 4155 Dei
1117 4079 1340 4177 relponlum,
1371 4081 1652 4252 ffludque'imffie'

506 4205 511 4212 Χ
1524 4191 1577 4254 tra
1604 4201 1650 4274 e,
