3984 5159
429 572 501 625 aa
552 549 603 654 ,Ρ
650 550 674 628 s
722 551 759 627 a
786 548 840 651 r.
875 550 972 671 m·
1018 489 1251 633 cxxxur:
1280 577 1311 633 ι.
1354 533 1460 663 ‘459

273 738 469 820 'exclusum
490 741 614 818 nolint.¹
670 739 744 815 Etl’t
769 735 866 816 enim
881 735 1015 830 fratres
1035 744 1179 838 proprie
1202 745 1269 822 lint
1290 747 1327 820 vi
1351 751 1456 832 unius

292 844 436 940 originis
459 841 494 912 dt
511 841 710 915 communis
726 837 862 934 stirpis3
886 853 1141 916 atramentum
1157 845 1260 918 unius
1276 845 1454 924 societatis

291 941 327 1014 dt
350 939 531 1035 religionis
548 935 756 1010 accederint
769 936 932 1021 vincula,
959 955 1071 1008 nexus
1086 935 1313 1016 fraternitatis
1327 944 1452 1022 arctius

290 1035 362 1111 fuit
387 1033 608 1110 constritius.
657 1033 852 1130 Religionis
873 1033 1082 1106 communio
1099 1035 1217 1126 itaque
1232 1061 1308 1114 non
1323 1040 1450 1118 efficie-

157 1168 167 1187 .
290 1137 353 1208 bat
368 1133 519 1225 fratres,
547 1131 605 1206 sed
627 1132 839 1227 colligabat:
872 1149 979 1221 quare
1010 1126 1178 1224 proselyti
1203 1133 1273 1207 hoc
1301 1141 1446 1214 nomine

292 1232 419 1305 venire
436 1253 512 1304 non
533 1228 668 1318 solent,
692 1249 761 1302 nec
777 1228 884 1301 etiam
892 1222 1047 1317 fratrum
1062 1227 1206 1315 titulus,
1232 1230 1269 1303 in
1284 1231 1355 1306 sola
1368 1255 1452 1334 cog·

290 1328 439 1402 natione
461 1327 638 1420 spirituali
658 1325 847 1412 fundatus,
880 1323 1038 1398 occurrit
1053 1325 1090 1398 in
1105 1325 1232 1417 Script.
1249 1325 1294 1402 V.
1308 1328 1370 1419 T..
1386 1333 1449 1407 nih

293 1424 395 1498 forte
409 1445 485 1498 uno
498 1423 658 1496 alterove
670 1423 753 1496 loco
767 1420 858 1515 apud
874 1420 1085 1513 Prophetas,
1112 1421 1172 1495 ubi
1187 1422 1230 1495 de
1248 1422 1303 1498 N.
1313 1425 1360 1501 T.
1377 1431 1447 1526 agi·

291 1535 378 1608 tur,
403 1519 521 1612 utJes.
538 1540 637 1592 xxvi:
657 1541 712 1593 ao.
761 1515 898 1592 Fratres
912 1519 1031 1611 itaque
1047 1517 1105 1590 hic
1119 1517 1198 1592 sunt
1211 1541 1284 1594 non
1301 1527 1445 1618 proprie

293 1613 376 1692 diiii
399 1631 536 1692 tantum
562 1615 706 1703 fratres,
731 1637 800 1689 nec
822 1614 884 1689 soli
903 1614 1111 1690 Sacerdotes
1128 1616 1160 1688 dt
1177 1614 1334 1707 Levita,
1358 1623 1445 1704 licet

288 1714 452 1791 exclusos
472 1714 603 1802 nolim,
627 1733 709 1788 cunr
730 1709 792 1785 filii
814 1713 960 1786 Davidis
976 1711 1134 1805 exprelle
1150 1733 1392 1792 memorentur
1404 1723 1442 1797 in

287 1812 418 1886 ultimo
433 1812 497 1884 illo
512 1825 715 1899 conventu,
740 1810 801 1884 sed
814 1811 852 1884 in
865 1830 996 1906 genere
1013 1829 1136 1884 omnes
1148 1809 1345 1905 lacobidae,
1363 1819 1441 1894 tum

284 1907 383 2002 quod
398 1910 493 1982 nulla
507 1905 592 2006 adfrt
607 1905 839 2003 restringendi
852 1907 1048 1998 ratio,tom
1059 1906 1156 2000 quod
1169 1906 1247 1984 usus
1257 1911 1441 2010 vulgatilli.

285 2027 365 2080 mus
380 2006 485 2098 huius
499 2006 600 2078 vocis
616 2005 664 2078 ita
677 2004 811 2096 jubeat.
1142 2082 1147 2094 ,

333 2107 366 2191 §.
393 2103 458 2177 Vl.
508 2107 543 2192 β.
570 2103 709 2176 Horum
729 2100 878 2176 fratrom
898 2103 1082 2199 panegyris
1101 2104 1310 2198 exprimitur
1326 2104 1438 2200 phrasi

273 2196 388 2296 sedere
410 2221 488 2272 uno.
527 2198 767 2293 interpretes,
794 2199 851 2270 vel
873 2198 918 2271 de
933 2201 1113 2276 concorde
1127 2199 1292 2294 sellione,
1318 2204 1374 2276 vel
1390 2204 1438 2278 de
1493 2280 1496 2286 ,
1583 2305 1590 2314 .

283 2296 540 2372 inhabitatione
559 2294 741 2370 concorde
764 2295 800 2369 in
825 2311 918 2368 terra
938 2296 1108 2370 Cananaea
1133 2301 1358 2393 interpretari
1379 2299 1435 2377 so·

282 2389 464 2484 lent;''sed
485 2391 609 2466 radius
631 2393 676 2468 de
696 2407 857 2465 conventu
877 2398 1037 2464 iar-*unum
1058 2394 1233 2486 capimus,
1258 2396 1349 2468 &ad
1364 2396 1434 2470 Co·

180 2547 187 2560 .
280 2491 380 2566 mitia
395 2493 503 2565 totius
519 2490 640 2583 populi
657 2490 864 2581 referimus,
890 2491 937 2562 ita
953 2506 1071 2564 tamen
1087 2505 1128 2564 ut
1143 2493 1341 2590 comardiam
1357 2515 1434 2570 non

283 2586 486 2677 exclusam,
511 2587 673 2661 sedcum
695 2590 845 2662 maxime
867 2585 1034 2660 inclusam
1061 2587 1232 2677 velimus,
1257 2609 1296 2660 re
1309 2589 1381 2759 i¹pla
1394 2591 1433 2665 id

275 2689 452 2782 exigente.
496 2685 554 2758 Ad
567 2687 710 2760 comitia
723 2707 789 2758 nos
804 2683 901 2757 ducit
915 2704 986 2756 vox
1008 2711 1060 2757 m·
1074 2707 1162 2774 una,
1179 2707 1258 2780 quae
1269 2687 1312 2760 ab
1328 2686 1430 2762 oldte

256 2783 393 2875 polita
413 2803 580 2875 nusquam
602 2781 663 2856 nisr
686 2782 730 2854 de
752 2806 815 2854 ano
834 2783 926 2854 loco
944 2782 1124 2869 occurrit,
1151 2783 1209 2856 vel
1230 2781 1348 2861 saltem
1365 2785 1428 2861 nili

280 2883 342 2953 loti
365 2898 562 2956 conventus
583 2877 779 2961 intelletius
801 2877 1135 2971 comprehendatur.
1185 2879 1243 2954 De
1260 2881 1330 2956 sola
1343 2903 1429 2960 con·

279 2975 400 3052 cordia
415 2978 619 3064 hominum,
639 2975 779 3048 diversis
795 2977 831 3049 in
844 2976 932 3048 locis
946 2975 1149 3076 degentium
1158 2988 1177 3060 ,'
1186 2977 1427 3073 nusquam-'re-

274 3076 413 3168 perias.¹
447 3071 517 3148 Sed
542 3096 587 3147 an
605 3073 706 3147 unius
723 3071 901 3147 Cananaeae
914 3073 1084 3148 habitatio
1098 3097 1172 3148 non
1188 3071 1313 3151 sufficit
1326 3073 1425 3168 usui,

274 3174 335 3246 vel
349 3172 503 3264 emphasi
517 3171 621 3264 huJus
635 3167 813 3266 phtafios'?
834 3191 907 3244 non
922 3168 1213 3261 existimaverim
1240 3195 1269 3245 r.
1285 3172 1367 3264 quia
1385 3171 1426 3245 il·

271 3267 334 3343 lud
354 3270 442 3346 tanti
465 3289 539 3343 non
561 3285 655 3356 erat,
681 3288 755 3342 nec·
764 3267 853 3340 adeo
868 3268 990 3343 extolli
1005 3271 1217 3344 merebatur.
1269 3291 1301 3342 2.
1329 3267 1425 3370 Quia

271 3387 343 3442 una
363 3369 508 3443 interra
528 3367 650 3439 animis
664 3367 764 3438 valde
778 3361 876 3437 divisi
889 3366 922 3438 dt
935 3364 1098 3456 disiunsli
1120 3366 1276 3439 habitare
1295 3367 1423 3458 potue·

268 3481 375 3554 runt,
407 3463 442 3537 δι
468 3463 670 3536 habitarunt
688 3461 885 3553 aliquando.
936 3483 970 3554 3.
987 3461 1121 3536 Phrasu
1145 3465 1289 3535 hahitare
1309 3455 1422 3538 uniter

268 3561 456 3636 aritiorem
475 3559 631 3634 involvit
651 3557 877 3643 societatem,
908 3577 1012 3649 quam
1037 3555 1087 3630 est
1108 3571 1202 3631 tene
1216 3557 1321 3656 longe
1330 3560 1420 3636 late.

266 3680 339 3750 que
354 3656 503 3733 extensa
518 3657 717 3732 communis
731 3653 920 3742 habitatio,
927 3653 1078 3728 maxime
1095 3654 1166 3728 hoc
1180 3655 1217 3729 in
1232 3656 1419 3745 loco,·'l1bi

263 3755 423 3843 additur,
448 3761 547 3829 etiam
562 3765 660 3843 'una3
695 3776 767 3848 quo
787 3773 889 3847 quam
905 3749 1083 3827 ardtillima
1098 3749 1420 3833 societas-fraccina
1533 3758 1535 3762 ’

225 3905 243 3944 ,Ι
263 3852 473 3952 designatur.
523 3852 620 3950 Ergo
640 3866 787 3948 oportet
807 3849 937 3938 vocula
954 3877 1030 3939 am,
1057 3851 1116 3924 vel
1137 3849 1190 3924 de¹
1204 3847 1273 3926 sola
1290 3857 1417 3928 condor·
1512 3895 1520 3906 ·

260 3950 335 4043 dia,
363 3947 487 4023 irel'de
508 3961 668 4022 conuenta
691 3953 727 4023 in
748 3959 859 4024 dnum
879 3947 1104 4046 intelligatur:
1155 3947 1251 4029 Prius
1266 3973 1346 4027 cunr
1363 3973 1416 4027 re·

259 4050 395 4148 pugnet
408 4048 508 4125 vocis
522 4044 620 4139 usui,
633 4043 1118 4227 ροίῐετίυεῧίξῃξιιὲεηάυω
1134 4044 1202 4164 eli:
1229 4045 1414 4222 quoesffi
