3984 5159
356 575 431 634 nn
501 551 528 626 P
576 547 600 624 S
646 546 683 624 A
730 548 763 626 L
812 542 867 626 M.
941 549 1170 630 CXXXIX:
1194 575 1251 629 no.
1321 559 1392 656 609

233 750 436 829 formatum·
450 740 521 844 est,
547 753 588 812 ut
600 759 673 832 pro
693 751 782 834 part.
801 736 948 833 &praet
968 739 1016 834 pl.
1034 739 1121 818 sumi
1135 759 1262 838 queat,
1286 741 1391 818 adeo·
1509 797 1513 805 ι

235 871 305 942 ¹que
325 846 440 931 verti,
466 840 526 914 uel
535 835 703 934 sublatum
719 840 762 910 ·in
784 857 937 928 vanum,
969 839 1030 911 vel
1055 843 1174 914 tollant
1191 843 1228 916 in
1247 863 1389 916 vanum.

235 947 342 1021 Licet
370 943 467 1016 enim
498 935 704 1032 regulariter
728 936 834 1030 magis
860 935 902 1010 fit
926 937 1109 1032 particip,
1134 938 1252 1035 potest
1272 955 1393 1014 tamen

236 1067 306 1144 pro
324 1055 426 1137 praet.
452 1036 500 1130 pl.
522 1034 664 1122 haberi,
687 1031 759 1106 five
778 1033 819 1107 fit
845 1053 912 1130 per
933 1034 1130 1110 litterarum
1155 1036 1392 1131 transpofitio-

237 1162 321 1218 nern
343 1161 409 1234 pro
429 1156 522 1219 uun,
547 1131 620 1204 live
639 1131 756 1205 littera
779 1129 857 1205 usit
876 1133 1104 1228 paragogica3
1136 1148 1197 1207 aut
1215 1155 1260 1208 ex
1283 1134 1389 1228 scrip·

236 1240 340 1317 tione
365 1229 561 1309 vetereaad
587 1227 755 1301 indicium
782 1226 919 1321 syllabae
939 1229 1160 1326 longiuscule
1184 1231 1393 1324 protrahen-

238 1337 292 1410 dae
310 1366 340 1411 a.
390 1332 447 1406 Sic
468 1331 559 1402 main
585 1330 748 1413 iuuant,
780 1350 851 1402 una
877 1329 1074 1415 noluerunt,
1099 1325 1212 1421 ipsum
1233 1324 1394 1402 nostrum

241 1454 324 1508 neor*
335 1427 558 1526 portabuntur¹
571 1421 641 1516 Jer.
659 1445 694 1496 rr:
721 1445 735 1494 1
742 1443 775 1511 ς.
798 1423 922 1498 &alia
947 1425 1073 1498 Partic.
1099 1446 1180 1500 curn
1202 1425 1321 1500 locum
1336 1424 1397 1498 vir

241 1531 357 1618 serat,
382 1528 417 1600 dc
439 1522 574 1596 sensum
589 1522 819 1594 commodum
833 1519 980 1608 fundat,
1007 1535 1105 1615 praet.
1122 1524 1212 1616 plur.
1234 1523 1395 1620 eligimus

219 1647 329 1702 'eum
349 1619 601 1714 interpretibus
624 1617 730 1713 longe
753 1619 939 1693 maximam
951 1633 1107 1713 partem:
1133 1615 1260 1714 phrasis
1274 1620 1396 1705 enim,
1456 1621 1463 1626 “

243 1728 358 1802 dicunt
378 1736 408 1794 te
419 1715 552 1813 sceleste
568 1717 734 1812 prolatum
748 1719 786 1787 in
799 1739 948 1803 uanum,
969 1716 1071 1790 nirnis
1091 1715 1177 1792 diua
1191 1714 1264 1804 est,
1290 1717 1399 1790 &ex-

242 1823 377 1920 plicatu
399 1812 565 1902 difficilis,
605 1833 709 1906 quarn
731 1828 772 1885 ut
792 1810 826 1884 se
849 1813 1044 1904 adprobare
1073 1812 1184 1908 possit
1234 1813 1303 1888 Sed
1324 1813 1397 1907 ipsa

123 1920 125 1961 a
242 1915 393 2015 phrasis,
416 1909 590 2008 proferunt
605 1914 641 1980 in
658 1931 804 1996 vanum,
819 1909 973 2007 ambigui
988 1911 1071 2005 quid
1085 1911 1208 2001 habet,
1223 1933 1306 1986 cunr
1322 1909 1400 2004 sup·

122 2018 125 2061 ³
243 2013 335 2112 pleri
352 2008 473 2106 pollit,
495 2008 557 2080 vel
571 2010 737 2094 animum,
752 2007 813 2079 vel
828 2021 881 2094 te,
896 2006 1028 2082 scilicet
1043 2007 1172 2097 Deum,
1189 2021 1250 2084 aut
1266 2011 1401 2082 nomen

247 2115 342 2205 ejus:
369 2108 468 2198 cujus
490 2106 671 2197 utriusque
694 2104 794 2178 vocis
813 2103 938 2178 addita
952 2103 1110 2198 prostant
1127 2107 1316 2202 exempla,
1341 2125 1399 2179 en.

249 2230 301 2307 gr.
319 2202 371 2284 Ps.
393 2226 499 2282 xxnv:
521 2225 557 2292 ῳ
582 2201 658 2294 pius
677 2200 807 2276 dicitur
819 2225 883 2274 non
898 2205 1008 2278 tollere
1023 2201 1270 2301 animamsuam
1284 2207 1321 2277 in
1342 2223 1404 2278 ua·
1485 2219 1508 2238 ³

250 2327 354 2392 namt
380 2304 416 2376 &
438 2301 503 2374 Er.
526 2319 583 2372 xx:
597 2318 630 2392 7.
654 2323 717 2372 non
740 2301 831 2372 tolles
850 2324 962 2374 nomen
984 2297 1123 2398 Jehooae
1137 2299 1207 2374 Del
1223 2307 1274 2374 tui
1290 2305 1327 2372 in
1344 2323 1405 2372 oa-

251 2425 356 2487 orem,-
382 2399 495 2490 qualia
518 2397 617 2491 plura
634 2396 782 2471 exstant.
838 2397 1022 2472 Alterutra
1039 2399 1156 2491 itaque
1180 2419 1254 2472 vox
1273 2397 1332 2468 hic
1352 2393 1407 2470 est

253 2495 465 2592 supplenda,
496 2493 769 2575 conraudiendi
799 2515 873 2568 non
903 2492 987 2584 sint,
1023 2498 1185 2590 quicum
1208 2515 1302 2567 voce
1326 2493 1407 2568 ulti-

123 2611 128 2655 ῐ
253 2618 313 2673 ma
339 2619 403 2692 pap
429 2589 547 2680 halles,
574 2593 630 2663 vel
653 2595 745 2664 urbes
768 2603 865 2681 luas,
887 2589 1118 2681 construunt,
1144 2605 1184 2667 ut
1207 2589 1323 2665 senius
1343 2588 1408 2680 lit,
1528 2604 1532 2615 “

254 2714 318 2769 eos
345 2691 405 2764 vel
434 2685 533 2778 hostes
559 2687 629 2762 Dei
653 2689 689 2762 in
712 2687 857 2764 sublime
879 2690 1032 2778 tollere,
1065 2690 1125 2762 vel
1143 2692 1236 2764 urbes
1257 2687 1329 2764 Dei
1350 2687 1412 2760 de·
1553 2675 1557 2684 ’

255 2791 401 2866 struere.
451 2783 578 2859 Obstat
604 2785 700 2859 enim
724 2807 795 2859 ror
814 2792 893 2861 erari
930 2784 1133 2880 interjecta,
1165 2809 1241 2881 quae
1269 2781 1409 2882 phralin

258 2887 373 2966 reddit
399 2883 598 2970 insolitam,
631 2885 759 2970 tollere,
784 2881 846 2958 seu
865 2884 1044 2974 sublimare
1072 2891 1108 2958 in
1136 2908 1261 2960 vonum
1291 2879 1412 2978 hostat,

259 2985 320 3062 seu
339 2987 431 3057 urbes
451 2975 610 3071 destruere
631 2981 667 3050 in
684 3001 828 3069 vanum,
855 2981 890 3056 dc
910 3000 1066 3059 cum-uui
1086 2981 1284 3058 construtla
1301 2982 1411 3056 alium

258 3084 349 3159 solet
369 3083 501 3157 habere
525 3073 685 3166 sensum,
709 3098 794 3152 mox
815 3078 1064 3157 adferendum:
1090 3080 1157 3156 stat
1170 3096 1342 3174 praeterea
1355 3078 1414 3149 illa

257 3204 335 3258 vox
357 3198 422 3273 per
447 3175 508 3263 se,
547 3174 583 3248 ἃ
604 3173 867 3253 conclusionem
888 3180 1052 3255 continet
1072 3201 1115 3252 ex
1136 3177 1246 3253 modo
1266 3173 1413 3271 prolatis

259 3277 364 3375 lignis
385 3272 567 3360 adullam
592 3289 634 3347 ut
654 3295 741 3348 mox
763 3273 971 3352 videbimus.
1025 3278 1183 3372 Oportet
1206 3275 1326 3367 itaque
1349 3293 1417 3345 vo·

263 3397 325 3451 ces
354 3385 564 3456 vertantur,
595 3372 654 3442 vel
674 3375 832 3446 attollunt
852 3379 996 3448 animam
1007 3374 1108 3470 suam
1124 3379 1161 3446 in
1183 3393 1326 3459 vanum,
1360 3367 1421 3442 vel

266 3477 411 3557 tollunt,
436 3467 497 3540 seu
517 3465 728 3559 proferunt,
760 3485 811 3558 re,
845 3487 906 3544 aut
934 3493 1048 3545 otono
1079 3485 1194 3559 tuum,
1219 3473 1255 3542 in
1282 3489 1418 3540 uanum.

265 3569 373 3644 Prius
395 3567 422 3640 sr
444 3566 598 3659 placeat,
625 3562 741 3642 sensus
757 3566 848 3653 erit,
872 3566 1001 3660 impios
1021 3565 1065 3640 ad
1099 3573 1208 3659 irate,
1244 3586 1320 3660 quae
1342 3585 1426 3660 pro·

266 3669 345 3766 pria
365 3662 417 3738 est
442 3660 593 3756 phrasros
616 3666 763 3735 attollere
783 3667 946 3754 animam,
972 3661 1033 3739 seu
1086 3679 1209 3754 atum,
1245 3661 1427 3758 spiritum,

269 3761 445 3861 potestas,
468 3760 528 3834 sou
543 3759 792 3836 vehementius
806 3761 976 3854 adpetere
984 3759 1163 3859 falsumdr
1170 3760 1305 3856 foedum
1318 3757 1431 3856 quod·

274 3864 347 3944 uis;
366 3857 462 3954 quod
479 3873 668 3951 utrumque
684 3879 776 3932 voce
797 3882 852 3935 uu
870 3859 1164 3956 conprehensum
1179 3858 1250 3950 est,
1271 3857 1431 3955 &priori

152 4023 156 4029 .
273 3955 456 4058 specimini
480 3954 713 4053 subiungetur
732 3971 906 4131 taanulakltrlr1
916 3961 1001 4130 hejus
1023 3960 1258 4060 principium,
1293 3975 1433 4130 exfl-quo

695 4095 699 4102 ¹
1351 4069 1436 4125 llxfla

314 4187 340 4236 a
361 4153 532 4238 Schultena
555 4163 614 4237 Gr.
640 4186 674 4254 p.
697 4184 776 4253 450·
