3984 5159
590 491 666 586 ⁶56
776 443 1618 562 couue'uuiurus

600 685 681 743 mea
708 680 829 738 coram
860 655 951 730 fecie
976 668 1037 729 tue
1062 651 1151 726 sicut
1172 649 1336 742 suffitus,·
1360 649 1395 724 &
1418 671 1543 726 munus
1564 663 1721 748 gratum
1739 669 1786 723 ee

604 761 733 848 suave,
759 758 912 832 &nune
935 755 971 828 δι
985 749 1121 844 postea.
1172 750 1336 824 Precatio
1352 770 1424 843 pro
1438 745 1635 842 hypothesi
1646 748 1787 835 babet,

606 860 784 935 Davidem
800 856 870 947 jam
885 852 946 925 diu
960 846 1064 922 fuiffe
1083 862 1272 937 vexatum,
1298 845 1334 919 δι
1349 867 1396 918 eo
1407 847 1485 940 jam
1501 843 1723 932 addubium,
1739 857 1786 921 ut

608 955 710 1032 Deus
731 953 794 1050 ipii
818 963 1000 1045 promtum
1050 944 1167 1020 restet
1189 944 1377 1031 auxilium,
1400 944 1464 1014 vel
1488 963 1578 1016 cum
1602 940 1783 1016 eoactum

612 1053 674 1130 iit:
700 1071 748 1128 eo
760 1049 858 1125 enim
872 1045 988 1130 ducit,
1035 1040 1137 1134 estora
1149 1045 1251 1132 mibi,
1273 1056 1316 1115 ut
1330 1040 1435 1114 facile
1449 1039 1679 1151 edparetz&
1695 1053 1785 1132 apte

610 1135 1788 1336 uteuuuut'i‘uutuuu“²²¹2

614 1363 725 1429 nem,
745 1338 781 1411 ἀ
797 1331 1056 1411 iliustratiimili
1066 1329 1201 1428 suffitur
1215 1353 1257 1406 ec
1271 1338 1432 1421 minuis,
1458 1327 1654 1404 sacrificus
1665 1352 1785 1408 eruen-

613 1442 661 1518 tis
698 1433 840 1531 adjungi
874 1431 994 1523 soliti,
1032 1432 1320 1526 emblematitque
1351 1429 1428 1504 satis
1465 1427 1623 1524 vulgati
1647 1443 1783 1524 prem.

612 1535 780 1614 indicere
802 1543 974 1627 preterea
992 1531 1158 1620 videtur,
1178 1527 1217 1602 'se
1235 1547 1330 1602 nunc
1343 1525 1458 1610 rituali
1471 1527 1584 1600 cultu
1600 1547 1681 1600 non
1692 1526 1784 1622 poiie

621 1632 788 1728 defungi,
815 1627 873 1702 sed
889 1631 1020 1703 realem
1034 1629 1069 1700 ἀ
1083 1627 1319 1720 spiritualem,
1341 1647 1506 1720 pereum
1525 1621 1782 1718 depiemmin

620 1732 786 1831 precibus
803 1727 885 1802 Deo
899 1724 1043 1801 offerre.
1068 1721 1158 1799 Vult
1174 1739 1296 1802 autem
1312 1747 1385 1804 non
1399 1721 1646 1817 srmpliciter,
1663 1737 1705 1796 ut
1717 1744 1784 1816 pre·

623 1832 719 1906 catio
739 1826 783 1901 fit
803 1823 907 1898 instar
943 1819 1104 1916 uffitut&
1125 1829 1289 1912 muneris,
1315 1821 1375 1896 sed
1394 1821 1476 1894 Deo
1496 1818 1661 1914 insuper
1676 1837 1787 1914 accep

613 1948 684 2018 oe,
709 1939 751 2000 ut
771 1943 889 1996 munus
925 1942 1023 1994 uuor.
1080 1917 1212 2018 Quod,
1244 1921 1330 1994 ficut
1353 1918 1463 2012 scopo
1488 1915 1545 1989 est
1570 1919 1721 2012 aptius,
1745 1919 1788 1992 ite

624 2025 779 2100 vocibus
801 2045 946 2105 eumue
971 2014 1303 2092 restiuseonvenit
1353 2016 1487 2096 Munus
1508 2017 1621 2092 enim
1640 2023 1785 2113 vesperti-

627 2115 887 2208 ruuu,utsumi
899 2116 1001 2202 alies,
1025 2113 1131 2188 &hic
1147 2115 1263 2204 verti,
1285 2113 1376 2192 solet
1390 2137 1579 2206 vorm,
1612 2137 1723 2211 quere
1737 2137 1785 2190 ex·

631 2215 752 2314 preist'
773 2226 1052 2300 memoraretur,
1074 2213 1170 2286 nulle
1193 2213 1284 2287 ratio
1307 2211 1383 2287 deri
1404 2212 1545 2308 potest3
1579 2212 1782 2289 lieetvarin

633 2306 872 2409 excogiterint
889 2307 1129 2406 Interpretes,
1155 2331 1238 2406 ques
1259 2310 1438 2388 recensuit
1468 2311 1584 2386 Polus
1608 2311 1786 2406 insump-

631 2410 684 2500 si,
708 2407 768 2510 sed
787 2406 883 2484 nuua
902 2405 1079 2484 satisfacit.
1128 2407 1216 2485 Fert
1236 2426 1355 2486 autem
1376 2429 1450 2483 vox
1467 2408 1586 2484 Hebr.
1603 2405 1793 2506 euame·

629 2512 754 2582 uitatis
774 2503 1273 2604 &dulcediuiriiguificetum
1298 2529 1339 2584 ac
1353 2505 1538 2602 speciatim
1553 2506 1604 2581 de
1616 2512 1692 2581 cibo
1706 2505 1796 2583 usm-

630 2625 736 2704 patur
764 2603 870 2679 Prov.
892 2625 950 2679 xr.
975 2625 1032 2698 17.
1058 2607 1208 2700 verbum
1228 2604 1435 2701 quoquelde
1450 2627 1587 2702 munere
1603 2605 1798 2696 oblationis

633 2703 777 2786 Melan:
791 2725 827 2792 4.
853 2700 995 2776 Refflus
1008 2701 1129 2797 itaque
1143 2703 1319 2792 vertitur,
1339 2700 1681 2795 murussuauitutis,
1696 2699 1800 2802 quoii

633 2801 743 2894 scopo
763 2797 873 2894 magis
894 2801 1144 2903 congruit:·=ut
1169 2821 1214 2875 ex
1230 2795 1327 2874 diois
1345 2815 1454 2894 patet.
1504 2799 1665 2896 Reliqua
1680 2798 1802 2876 uoiim

638 2917 715 2974 uon
744 2895 904 2992 indigent
928 2916 1050 2991 opere„
1105 2898 1264 2974 Tantum
1289 2896 1456 2985 addatur,
1486 2897 1605 2992 ipsum
1630 2921 1714 2974 nou
1735 2895 1805 2973 siue

637 2992 792 3089 empirufi
814 2991 931 3066 diriffe
952 3021 1013 3097 pou
1035 3017 1109 3069 nou
1128 2993 1250 3095 ¹tristor
1272 2991 1495 3088 impliciter,
1525 2995 1629 3088 quod
1649 2997 1807 3074 verbum

640 3120 726 3181 ern,
752 3112 826 3186 quo
845 3111 920 3166 non
940 3095 1075 3179 utitur,
1108 3089 1308 3181 indicasset,
1340 3089 1401 3166 sed
1414 3087 1564 3186 firmiter
1586 3092 1747 3184 existat,
1769 3111 1810 3170 ut

640 3191 834 3278 indicaret,
857 3211 934 3264 non
953 3191 1025 3264 hoc
1040 3201 1176 3264 tuntum
1190 3205 1378 3284 tempore,
1401 3188 1461 3262 sed
1476 3190 1511 3264 ot
1526 3187 1658 3282 postea
1676 3195 1718 3268 in
1733 3214 1809 3286 per·

643 3307 792 3385 petuum
813 3284 848 3362 se
869 3287 956 3359 teies
977 3307 999 3358 a
1018 3286 1111 3362 Deo'
1125 3287 1245 3360 heberi
1260 3307 1384 3382 preces
1398 3287 1472 3362 suas
1488 3308 1644 3380 cupere.
1699 3289 1813 3366 Radix
1851 3319 1857 3336 ·

599 3377 1256 3575 *retertuiieiufiti
1270 3381 1814 3560 eufemium

645 3579 807 3656 stabilem
823 3577 1004 3653 erientiam
1020 3601 1063 3653 ac
1079 3577 1296 3656 existentiam
1305 3533 1477 3656 referitur.

646 3729 651 3736 .
692 3683 725 3765 ς.
743 3675 805 3746 Vi.
832 3675 980 3750 Secunda
1006 3677 1060 3751 Ps.
1085 3701 1186 3772 pars,
1218 3701 1295 3772 quae
1315 3691 1576 3775 argumentum,
1610 3676 1677 3757 seu
1704 3697 1816 3761 mate

647 3773 734 3847 riam
759 3791 905 3862 precum
929 3775 1113 3862 continet,
1152 3777 1291 3870 duplicis
1314 3776 1476 3874 generis,
1518 3775 1630 3874 longe
1653 3781 1818 3870 diverfi,

644 3887 770 3964 preces
792 3869 949 3946 exhibet.
997 3870 1160 3970 Quarum
1170 3877 1264 3968 prior
1287 3894 1367 3967 pars
1395 3901 1425 3949 re
1445 3877 1688 3970 proponitur,
1720 3877 1816 3955 vers.

648 3987 737 4062 Μ,
771 3989 800 4038 2.
819 3985 986 4064 urgetur,
1011 3965 1102 4051 vert
1127 3990 1164 4063 s,
1188 3970 1222 4050 6.
1277 3999 1310 4046 e.
1332 3971 1374 4049 In
1393 3968 1644 4068 propofitione
1666 3979 1818 4087 petitio·

643 4130 653 4150 ,
701 4120 723 4144 ,⁴
966 4099 973 4108 ·
1758 4093 1819 4147 ms
