3984 5159
297 652 308 673 x„
425 585 593 670 sarr
637 587 664 668 s
710 560 750 668 a
796 539 831 666 n
877 589 948 682 nr²
1005 589 1290 690 cxxxi-1:210.
1357 627 1434 720 43,

177 774 181 784 '
258 781 450 882 religionis
465 780 580 854 unicae
595 777 704 865 sedis,
717 773 859 854 firmum
870 795 912 850 ac
924 775 1134 872 prosperum
1147 783 1288 870 statum.
1336 787 1430 892 Qua

271 879 436 978 promissa
458 876 588 952 Davidi
602 873 692 951 fasta
708 896 755 950 eo
769 873 879 968 scopo
894 896 1115 968 memorant,
1141 876 1281 969 tunc'ut
1296 885 1331 964 se
1346 883 1430 982 huic
1510 953 1513 956 .

269 977 439 1076 promisso
458 975 625 1050 adsentiri
647 971 881 1060 testarentur,
906 972 1067 1066 adeoque
1087 975 1254 1070 familiam
1280 976 1430 1066 Davidis
1492 983 1497 994 '

269 1088 338 1178 pro
352 1076 425 1151 sola
435 1077 554 1172 regia,
577 1069 911 1166 &Hierosolymam
925 1075 993 1166 pro
1006 1071 1111 1148 unica
1126 1077 1272 1173 regni&
1288 1084 1428 1182 religio·

268 1176 323 1250 nis
340 1172 442 1259 sede,
464 1173 668 1263 habiturum
693 1185 781 1247 broc
796 1182 838 1242 ut
852 1181 1024 1255 votorum
1042 1170 1267 1267 suorum-pro
1282 1182 1427 1262 urbis&

205 1277 212 1290 ’
267 1270 417 1364 Templi
439 1267 690 1364 prosperitate,
719 1265 831 1341 modo
851 1261 1048 1362 fastorum,
1076 1264 1356 1362 fundamentum,
1389 1278 1427 1362 in

265 1369 366 1464 hisce
389 1363 556 1460 promiffis
576 1363 757 1440 Dauidicis
775 1361 952 1454 positum,
990 1363 1229 1458 explicarent,
1265 1361 1428 1466 adeoque

259 1466 306 1541 'se
318 1465 365 1539 de
377 1461 612 1556 implemento
627 1458 700 1532 elle
710 1457 888 1554 persuasos
902 1455 1148 1554 significarent
1406 1459 1414 1470 '

319 1567 352 1652 §.
368 1559 478 1634 XXll.
503 1555 710 1632 Promissum
718 1556 847 1633 Davidi
863 1553 994 1630 fadum
1010 1555 1260 1650 hicprofertur
1271 1563 1424 1660 duplex,

208 1685 212 1690 ·
268 1659 413 1733 aiterum
437 1656 482 1732 de
495 1652 781 1750 regnoindomo
794 1651 943 1738 Davidis
956 1668 1155 1748 perpetuo,
1182 1656 1271 1743 vers.
1290 1683 1347 1754 ιι,
1367 1686 1423 1746 12.

269 1760 409 1830 arerem
423 1754 469 1827 de
483 1747 731 1843 Hierosolyma
746 1749 852 1824 unica
865 1749 1045 1843 religionis
1059 1750 1093 1829 dt
1108 1756 1207 1849 regni
1220 1753 1321 1847 sede,
1333 1760 1424 1850 vers.

208 1862 212 1869 '
269 1873 287 1926 1
293 1847 408 1946 gam.
466 1845 696 1922 tramittitur
715 1844 843 1939 scopus
865 1844 900 1917 dc
923 1844 1035 1935 ratio,
1070 1869 1177 1940 quare
1200 1872 1242 1946 ea
1260 1860 1389 1946 promi,

261 1949 516 2047 proferantur,
536 1959 583 2019 ‚ut
603 1944 725 2018 Deum
747 1941 946 2028 erratione
965 1943 1009 2016 ad
1030 1963 1119 2018 vota
1134 1945 1192 2020 sara
1205 1952 1421 2036 exaudienda

262 2046 301 2121 o
314 2055 593 2142 permoverent,
616 2041 769 2116 &certo
782 2039 1337 2144 permovendum·esse,ade0que
1354 2046 1422 2126 vo.

249 2156 302 2218 aa
323 2143 383 2216 sua
401 2137 600 2234 implenda,
630 2137 848 2226 indicarent,
874 2135 965 2211 vers.
981 2159 1039 2213 ιο.
1068 2138 1121 2214 his
1138 2145 1266 2220 verbis.
1315 2143 1419 2244 Prap-

198 2296 200 2300 -
256 2253 317 2318 ,ter
333 2239 503 2312 Davidem
516 2235 783 2330 feretrarium,
805 2258 846 2311 ae
859 2249 995 2318 avertar
1005 2232 1132 2326 faciem
1147 2239 1235 2332 andi
1252 2242 1313 2316 ras.
1334 2245 1369 2320 h.
1385 2267 1420 2322 e.
1436 2279 1444 2298 a

207 2359 210 2365 ¹
292 2355 393 2408 reces
413 2357 434 2407 a
453 2333 662 2421 Salomone,
699 2330 808 2407 undio
829 2344 918 2420 tuo,
957 2329 1067 2406 modo
1086 2332 1178 2410 fusas
1205 2360 1271 2428 pro
1292 2339 1420 2418 domus

254 2352 370 2525 dujm
396 2429 677 2525 perennitate&
704 2424 876 2504 felicitate
900 2449 947 2502 ne
974 2428 1143 2522 repellas,
1183 2429 1242 2506 sed
1271 2435 1417 2528 impleas

250 2542 416 2625 ¹propter
427 2529 596 2626 gratiam,
620 2528 660 2600 in
671 2548 739 2621 qua
755 2525 896 2605 Tecum
910 2525 979 2598 fuit
995 2524 1113 2600 David
1127 2523 1362 2620 servustuus,
1380 2535 1417 2624 da

261 2641 415 2724 propter
432 2622 616 2720 promissa,
645 2623 708 2719 ipfi
728 2621 830 2699 faeta.
880 2621 979 2698 Vota
992 2620 1049 2696 sua
1063 2621 1173 2708 modo
1190 2626 1305 2700 verbis
1319 2628 1416 2708 Salo·

261 2725 379 2802 monis
398 2719 653 2817 expresserant,
684 2741 799 2812 eoque
822 2719 898 2814 ipso
920 2719 956 2794 se
969 2720 1132 2812 precibus
1146 2721 1342 2809 Salomonis
1355 2726 1434 2802 ad·-

257 2822 385 2897 sentiri
402 2819 611 2905 indicarent:
627 2818 686 2892 bas
699 2838 823 2911 preces
836 2839 858 2890 a
870 2816 954 2891 Deo
969 2814 1201 2894 exaudiendas
1211 2819 1301 2910 esse,
1315 2823 1414 2898 nunc
1486 2838 1493 2851 '

257 2935 347 2993 'cunr
369 2932 513 3012 petant,
537 2909 590 2990 eo‘
605 2913 681 3006 ipso
697 2929 868 2989 votorum
889 2913 1032 2992 suorum
1047 2913 1318 3008 implementum
1333 2917 1413 3015 sup·

250 3015 416 3120 plicant:
441 3035 550 3108 quare
569 3008 738 3105 aptislime
759 3025 883 3093 orant,
900 3027 941 3086 ut
959 3011 1059 3092 Deus
1075 3011 1237 3106 precibus
1253 3015 1415 3101 Salomo-

259 3112 315 3187 nis
328 3111 469 3186 adnuat.
519 3111 629 3198 Sunt,
658 3107 718 3201 qui
739 3129 802 3201 per
816 3109 946 3182 uastam
959 3107 1032 3184 Dei
1046 3109 1104 3184 iric
1118 3111 1321 3209 intelligunt
1337 3111 1412 3184 Da·

260 3211 371 3283 uidem
384 3209 518 3302 ipsum:
543 3205 605 3280 sed
636 3227 668 3279 1.
688 3221 775 3280 tunc
797 3207 891 3296 prius
912 3208 1131 3295 membrum,
1151 3223 1284 3304 propter
1298 3207 1413 3288 Daoi·

259 3308 331 3380 dem
348 3303 488 3401 seruum
514 3319 625 3389 raum,
654 3325 718 3396 per
740 3302 775 3378 se
794 3300 925 3390 staret,
958 3325 1027 3379 nec
1050 3325 1133 3379 cum
1153 3305 1223 3398 seq.
1248 3303 1412 3382 canneru

258 3401 391 3498 pollet:
432 3401 551 3475 oratio
574 3401 671 3473 enim
701 3399 922 3486 offenderet,
956 3399 1072 3474 siuna
1095 3398 1183 3482 serie
1206 3403 1410 3496 legeretur,

134 3558 139 3563 .
253 3515 388 3598 ‘propter
404 3497 573 3571 Davidem
589 3519 629 3568 rre
643 3511 777 3570 avertas
791 3493 972 3567 Davidem.
1023 3517 1056 3567 2.
1079 3495 1229 3583 Pbralis,
1257 3521 1297 3570 ne
1315 3520 1410 3573 auer-

247 3594 469 3686 tarsaciem,
492 3592 668 3668 nosducit
680 3591 723 3666 ad
736 3607 864 3686 preces,
890 3605 932 3664 ut
964 3611 981 3662 1
1001 3589 1262 3686 Reg.11:20.,
1283 3595 1409 3686 quibus

258 3693 400 3768 vultum
413 3693 458 3766 ad
474 3713 575 3777 eum,
600 3711 706 3784 quem
723 3687 975 3783 supplicamus,
1005 3689 1267 3780 convertimusr
1286 3693 1409 3784 qum-ir

246 3790 495 3885 ‘respuantur,
518 3789 634 3862 vultus
654 3809 736 3863 cum
753 3787 889 3880 pudore
903 3784 937 3858 dc
952 3785 1145 3882 ignominia
1158 3783 1229 3860 sese
1244 3805 1407 3880 avertere

253 3891 411 3985 cogitur.
455 3885 573 3959 Preces
591 3907 697 3973 vero,
728 3906 807 3977 quae
826 3885 883 3957 hic
897 3885 934 3957 in
950 3883 1093 3962 censum
1108 3884 1230 3965 venire
1244 3883 1406 3980 poliunt,

259 4005 334 4060 non
357 3986 437 4059 sunt
458 3984 627 4070 Dauidir,
655 3982 712 4068 sed
729 3981 930 4069 Salomonis,
953 3995 1030 4054 tum
1053 3979 1148 4076 quod
1160 3980 1237 4075 post
1252 3998 1407 4072 mortem

258 4080 408 4188 Doridis
433 4082 504 4157 ode
524 4080 567 4156 sit
586 4077 800 4176 composita,
826 4094 904 4159 tum
923 4080 1035 4157 uerba
1055 4101 1103 4159 ex
1122 4080 1287 4178 precibus
1312 4081 1408 4188 Salo·

248 4203 253 4210 ·
296 4187 305 4200 ’
538 4189 541 4193 ’
726 4223 731 4244 ·
1292 4195 1408 4251 monas
