3984 5159
543 529 611 606 m
692 467 1543 628 couufinraaros

553 717 634 792 tur,
659 725 681 775 a
701 715 826 798 pauore
845 699 968 788 uritis,
992 719 1015 768 a
1037 699 1098 768 telo
1123 694 1266 767 interdiu
1287 683 1441 780 uolente,
1479 689 1564 768 illud
1583 689 1642 766 hic
1662 690 1717 767 in·

464 872 467 876 .
554 801 690 874 dicatur
717 821 781 892 per
802 794 922 870 aestum
949 793 1050 879 solis,
1091 790 1255 886 &frigus
1277 789 1411 878 noetis,
1445 811 1520 864 non
1541 787 1717 863 ullorum.

555 898 625 972 Sed
642 895 731 970 vers.
749 916 783 988 7.
814 909 909 966 meta
934 891 1023 963 hora
1036 887 1248 982 exponitur,
1274 910 1354 962 cum
1370 909 1454 960 mox
1468 885 1712 983 subjungitur,

557 993 691 1094 Jehoua
712 989 861 1083 custodiet
912 990 1079 1060 eoiomnt'
1092 988 1197 1072 malt,
1221 981 1373 1075 custodiet
1393 989 1535 1055 unimam
1555 997 1656 1056 tuom.
1675 981 1712 1056 h.

559 1114 594 1166 e.
608 1091 686 1176 Te,
711 1085 965 1180 personamque
986 1099 1102 1170 tuam,
1126 1082 1173 1154 ita
1187 1081 1365 1168 tuebitur,
1393 1094 1579 1177 proteget,
1604 1078 1715 1152 &de-

561 1188 709 1272 fendet,
736 1196 775 1255 ut
803 1181 888 1254 nihil
912 1181 1014 1268 mali,
1040 1178 1142 1252 statui
1165 1178 1426 1251 tuoadverlum
1442 1181 1475 1250 dt
1490 1177 1650 1264 exitiale,
1674 1191 1714 1248 tc

560 1283 742 1376 adtingere
756 1296 872 1370 queat.
923 1275 1090 1374 Agnosco
1105 1272 1278 1368 emphasm
1293 1276 1329 1349 in
1350 1276 1563 1366 repetitione
1576 1279 1718 1361 anime,

563 1379 625 1453 sed
653 1376 696 1449 ad
708 1373 836 1468 statum
847 1373 1059 1470 spiritualem
1084 1386 1124 1446 ut
1147 1370 1354 1461 referatur,
1388 1373 1473 1446 nilnl
1497 1373 1641 1446 rationis
1666 1369 1718 1440 vi·

565 1475 648 1550 deo.
696 1471 788 1546 Mihi
812 1492 876 1567 per
904 1470 949 1544 Te
965 1472 1002 1547 it
1024 1475 1166 1544 animam
1188 1468 1328 1541 videtur
1351 1469 1384 1541 &
1405 1467 1572 1543 adscititia
1589 1471 1719 1560 &pro-

564 1574 641 1668 pria
660 1567 808 1665 persona
823 1567 1025 1666 significatu
1052 1586 1116 1658 per
1131 1566 1221 1640 hanc
1233 1583 1312 1639 erat
1325 1565 1434 1640 homo
1445 1614 1456 1653 ,
1468 1567 1521 1637 vir
1535 1567 1636 1659 pius,
1652 1584 1716 1657 per

569 1671 665 1744 illam
686 1667 741 1738 vir
761 1665 924 1753 illustris,
954 1665 992 1736 in
1015 1660 1154 1734 sublimi
1176 1661 1346 1757 dignitate
1363 1661 1510 1755 positus:
1535 1662 1631 1735 unde
1647 1663 1720 1734 sena

571 1766 627 1843 sus
649 1764 817 1860 emergit,
841 1762 981 1854 Jehova
1005 1757 1166 1843 cavebit,
1201 1779 1247 1830 ne
1268 1772 1330 1831 aut
1354 1762 1531 1854 dignitati,
1563 1773 1624 1832 aut
1640 1763 1721 1830 ulto

570 1879 664 1952 tuae,
684 1859 813 1953 aliquid
838 1859 919 1929 meli
932 1857 1099 1944 eveniat,
1130 1853 1306 1929 custodiet
1332 1852 1397 1942 Te,
1414 1857 1449 1930 h.
1467 1877 1499 1930 e.
1516 1857 1722 1948 personam,

573 1980 678 2055 quam
699 1957 790 2053 geris
810 1952 906 2026 inter
930 1951 1113 2038 homines,
1147 1951 1220 2025 imo
1243 1957 1407 2041 animam,
1438 1952 1533 2046 quod
1553 1954 1631 2046 plus
1654 1949 1727 2034 eli,

490 2057 517 2085 ‘¹
576 2058 613 2130 id
636 2053 733 2149 quod
759 2050 844 2122 Tibi
866 2051 1047 2142 proprium
1069 2046 1155 2137 est,
1195 2046 1473 2124 &carissimum
1532 2047 1729 2126 Frueretur

576 2173 690 2246 regno
710 2141 969 2233 florentissimo,
994 2145 1029 2218 δι
1049 2143 1086 2218 in
1099 2165 1145 2218 eo
1160 2145 1322 2219 omnibus
1340 2146 1464 2244 bonis,
1490 2167 1566 2239 quae
1583 2145 1730 2222 felicem

578 2248 615 2319 δι
632 2246 775 2318 beatum
790 2240 903 2336 ipsum
918 2241 1067 2316 reddere
1082 2238 1227 2335 posint,
1243 2242 1358 2335 quoad
1371 2243 1570 2318 animam&
1587 2265 1730 2337 corpus.

580 2339 688 2416 eonf.
713 2338 764 2414 Ps.
787 2360 892 2416 xxtrt.
917 2339 1019 2414 &ibi
1041 2337 1139 2414 diua.
1190 2337 1387 2427 Caeterum,
1418 2340 1558 2435 quando
1573 2339 1732 2434 custodia

579 2443 623 2515 ab
639 2437 739 2514 omni
761 2440 846 2511 molo
861 2437 1102 2531 promittitur,
1135 2434 1179 2508 dc
1198 2435 1341 2510 leuioris
1360 2437 1394 2510 dt
1411 2441 1555 2511 minoris
1571 2459 1734 2513 momen·

581 2539 609 2613 ti
626 2535 746 2623 malis,
771 2535 831 2608 vel
849 2556 926 2628 quae
941 2537 984 2608 ab
999 2532 1150 2609 hominis
1166 2535 1239 2606 uiro
1257 2533 1318 2613 vix
1331 2531 1532 2628 separabilia
1547 2533 1733 2623 sunt,non

582 2633 634 2710 est
653 2629 792 2708 necesse
813 2645 854 2706 ut
876 2632 1093 2728 cogitemus,
1106 2628 1172 2703 sed
1193 2627 1237 2702 de
1260 2635 1487 2720 atrocioribus,
1511 2653 1585 2726 que
1599 2627 1735 2726 infigne

585 2733 753 2804 damnum
766 2745 829 2804 aut
842 2727 1003 2824 dignitati
1016 2741 1080 2803 aut
1093 2724 1248 2819 personae
1262 2725 1438 2825 infligunt.
1456 2777 1460 2788 -
1496 2727 1575 2826 Nec
1590 2727 1735 2822 prorsus

586 2825 745 2896 intubum
765 2846 785 2896 a
808 2823 903 2897 malo
925 2845 1008 2898 eum
1028 2825 1130 2897 nobis
1157 2826 1205 2926 ob
1228 2825 1352 2898 oculos
1367 2821 1559 2921 ponamus,
1584 2823 1735 2903 sednon

591 2921 640 2992 ita
659 2917 903 3009 afficiendum,
928 2936 983 3006 ut,
992 2918 1214 3010 succumbat,
1244 2938 1304 2997 aut
1326 2924 1484 2998 multum.
1497 2923 1614 2998 damni
1630 2923 1734 3016 patia-

586 3032 668 3105 tur,
693 3015 778 3101 sed,
799 3016 996 3113 liingroat,
1021 3018 1251 3110 liberaretur,
1277 3019 1512 3118 &gloriosius
1528 3018 1737 3118 resurgeret.

638 3118 671 3206 ς,
688 3109 798 3185 XXV.
824 3112 901 3185 Hac
928 3113 966 3187 in
991 3113 1209 3189 emblematis
1234 3116 1467 3209 explicatione
1491 3116 1576 3192 licet
1601 3118 1738 3211 acquie-

589 3212 742 3300 scamus,
768 3208 949 3283 videamus
964 3223 1084 3285 tamen
1106 3231 1151 3284 an
1166 3233 1275 3302 marus
1290 3210 1478 3306 mysterium
1490 3212 1610 3288 sedari
1624 3215 1740 3289 liceat.

485 3380 490 3388 i
591 3313 701 3400 Sunt,
731 3307 919 3395 nimirum,
944 3306 1005 3400 qui
1025 3327 1089 3400 per
1102 3304 1203 3400 firlem
1225 3306 1259 3380 tr
1282 3305 1417 3382 Lunam
1437 3311 1641 3408 intelligunt
1652 3323 1739 3407 pott-

585 3406 691 3502 fiores
709 3405 950 3495 dominantes,
980 3403 1015 3478 ἀ
1038 3405 1180 3478 vexandi
1199 3407 1360 3499 potentia
1374 3406 1555 3500 praeditae,
1581 3431 1647 3502 qua
1662 3407 1740 3481 sub·

593 3506 693 3593 ditis,
719 3503 777 3577 vel
799 3499 1048 3593 inferioribus,
1072 3523 1269 3598 praegtaves
1288 3501 1387 3594 sunt,
1411 3501 1571 3599 adeoque
1584 3506 1629 3578 ad
1640 3501 1742 3600 perse·

594 3609 757 3687 curiones,
782 3621 867 3694 quas
894 3599 1033 3674 Politici
1065 3597 1351 3672 &Ecclefiastici
1377 3615 1502 3674 contra
1525 3605 1602 3695 pios
1633 3603 1742 3677 &ue-

594 3695 705 3767 ritatis
726 3693 896 3773 studiosos
922 3696 1109 3781 suscitant,
1142 3694 1315 3768 referunt.
1375 3695 1533 3788 Dubito,
1573 3721 1616 3772 an
1643 3697 1742 3773 reite

593 3788 769 3882 &solide
821 3789 980 3888 r.Quia,
1011 3787 1073 3862 etsi
1089 3789 1144 3880 sol
1171 3789 1205 3862 δι
1236 3789 1337 3863 Luna
1360 3792 1397 3866 in
1418 3791 1508 3887 stylo
1531 3795 1744 3889 stophetico
1830 3805 1835 3816 '

597 3885 681 3966 duas
695 3885 798 3957 hasce
818 3889 1015 3963 eminentes
1037 3881 1227 3977 potestates
1254 3886 1467 3985 expingant,
1493 3913 1664 3982 nusquam
1671 3891 1743 3982 fri·

597 4002 661 4085 gur
682 3977 789 4054 Luae
808 3983 852 4057 ad
872 3981 1155 4082 persecutiones,
1186 3979 1246 4061 sed
1267 3997 1405 4065 tantum
1425 3985 1518 4083 tesius
1528 3985 1610 4086 solis
1633 3986 1746 4064 refer.

1675 4098 1746 4162 tul·-
