3984 5159
1186 573 1328 650 126

1532 557 3167 651 coMMENTAR1us

1244 1418 1309 1475 1.

1160 1701 1163 1703 ,
1239 1649 1308 1701 n.

1235 1881 1303 1954 3.

1228 2110 1305 2177 4.

1237 2336 1282 2411 5

1236 2551 1306 2635 6.

1233 2685 1275 2758 7

1241 2890 1280 2964 8

1229 3137 1300 3212 9.

1484 1091 1560 1191 Ρ
1694 1082 1978 1189 8Ἀ
2103 1080 2201 1184 L
2324 1081 2466 1186 M.
2608 1085 3201 1196 CXVIII.

1360 1392 1733 1471 Halleluz’a.
1850 1390 2176 1467 Celebrate
2236 1389 2566 1492 Jehovam
2592 1447 2617 1488 ,
2700 1401 2854 1496 quia
2911 1399 3110 1475 bonus
3140 1449 3168 1492 ,
3232 1407 3387 1500 quia
3431 1409 3511 1481 in

1387 1525 1724 1582 aeternum
1767 1503 1855 1599 est
1907 1504 2322 1601 beneficentia
2361 1511 2524 1605 ejus·

1361 1624 1576 1708 Dicat
1623 1645 1795 1695 nunc
1825 1671 1850 1712 ‚
1916 1625 2035 1698 vel
2076 1646 2243 1720 age,
2300 1621 2514 1698 Israel
2541 1676 2565 1717 ,
2630 1632 2785 1724 quia
2812 1633 2885 1704 in
2916 1645 3252 1709 aeternum
3283 1631 3511 1730 benefi-

1381 1742 1597 1813 centia
1640 1738 1798 1833 ejus.
2484 1812 2492 1818 ,
2968 1788 2984 1800 -

1355 1856 1666 1946 Dicant,
1718 1878 1884 1951 age,
1934 1856 2154 1930 domus
2199 1856 2494 1933 Aaronis
2522 1908 2548 1951 ,
2612 1865 2765 1957 quia
2801 1868 2874 1938 in
2906 1878 3237 1939 aeternum
3278 1865 3510 1965 benefi-

1381 1974 1599 2045 centia
1649 1969 1812 2062 ejus.
3483 2051 3489 2056 ,

1354 2085 1660 2174 Dicant,
1707 2109 1869 2181 age,
1921 2089 2218 2158 timentes
2248 2083 2585 2186 Jehovae,
2636 2096 2789 2188 quia
2816 2096 2887 2168 in
2914 2111 3247 2171 aeternum
3279 2098 3504 2197 benefi-

1380 2207 1600 2279 centia
1650 2203 1811 2297 ejus.
2246 2226 2252 2231 ·

1285 2372 1304 2392 .
1355 2310 1474 2389 Ex
1500 2313 1828 2414 angustiis
1855 2322 2173 2400 invocavi
2198 2317 2346 2420 Jah
2365 2371 2389 2410 ,
2439 2330 2762 2420 respondit
2791 2337 2956 2406 mihi
2972 2381 2998 2424 ,
3049 2335 3169 2408 vel
3212 2335 3505 2412 adnuens

1374 2434 1604 2508 eduxit
1647 2459 1744 2508 me
1773 2486 1797 2525 ,
1866 2442 1938 2510 in
1990 2441 2195 2512 locum
2217 2437 2581 2537 spatiqsum
2623 2442 2793 2543 Jah.

1360 2547 1628 2648 Jehova
1675 2556 1838 2625 mihi
1885 2552 2079 2627 adest
2112 2603 2137 2642 ,
2221 2558 2379 2652 quid
2404 2555 2626 2648 faciet
2677 2567 2837 2636 mihi
2880 2568 3054 2640 homo
3086 2571 3126 2640 2

1284 2718 1302 2733 .
1355 2664 1623 2765 Jehova
1696 2671 1859 2740 mihi
1934 2670 2197 2764 adjutor
2264 2696 2441 2747 meus
2467 2723 2496 2765 ,
2592 2674 2683 2761 ἐξ
2748 2703 2859 2776 ego
2928 2686 3219 2759 intuebor
3301 2681 3505 2780 hostes

1366 2799 1577 2862 xmeos.

1287 2943 1306 2963 .
1357 2887 1614 2963 Metius
1674 2889 1764 2985 est
1796 2893 1940 2991 sese
1993 2890 2302 2993 Jehovae
2350 2905 2423 2975 in
2483 2906 2844 2981 clientelam
2883 2909 3179 3004 conferre
3203 2967 3229 3010 ,
3309 2937 3510 3016 quant

1378 3006 1621 3077 homini
1663 3005 1997 3100 confidere.

1352 3114 1611 3189 Melius
1652 3115 1743 3215 est
1783 3117 2085 3220 Jehovae
2129 3128 2237 3232 uti
2268 3135 2635 3243 patrocinio
2667 3185 2694 3229 ,
2756 3158 2948 3234 quam
2982 3146 3392 3245 principibus
3402 3148 3504 3246 fi-

1264 3312 1269 3317 ,
1377 3232 1544 3304 dere.

1187 3340 1300 3420 πό.

1031 3630 1033 3633 -
1187 3592 1302 3648 11.

1357 3344 1599 3418 Omnes
1624 3362 1851 3443 gentes
1879 3375 1978 3426 me
2007 3359 2558 3439 circundedemnt
2584 3364 2936 3462 hostiliter.-
2989 3382 3063 3451 in
3089 3383 3337 3454 nomine
3369 3374 3496 3478 Je-

1373 3463 1574 3535 hovae
1623 3461 1713 3556 est
1743 3514 1768 3555 ,
1848 3473 2011 3564 quod
2051 3497 2157 3548 eas
2202 3482 2602 3559 conciderim.

1358 3574 1968 3674 Circumdederunt,
2038 3595 2233 3665 etiam
2278 3600 2830 3681 circumdederunt
2861 3656 2887 3699 ,
2949 3632 3084 3701 me,
3141 3615 3213 3686 in
3238 3618 3493 3690 nomine

1106 3716 1116 3732 .
1236 3704 1243 3711 ·
1374 3685 1670 3786 Jehovae
1697 3694 1827 3789 est,
1875 3703 2037 3794 quod
2068 3726 2174 3776 eas
2205 3713 2609 3789 conciderim.

1039 3821 1044 3826 ⁷
1187 3823 1334 3880 12..

1351 3803 1716 3881 cinxerunt
1757 3835 1855 3884 me
1905 3811 2118 3906 instar
2160 3833 2352 3913 apum
2379 3872 2405 3912 ,
2455 3827 2732 3902 ardendo
2775 3833 3113 3928 exstinctae
3132 3839 3343 3938 sunt,
3393 3841 3491 3937 fi,

1371 3933 1478 3991 cut
1525 3924 1676 4012 igne
1704 3921 1938 4018 spinae
1963 3954 1994 4018 ,-
2058 3933 2132 4015 in
2176 3941 2426 4015 nomine
2468 3935 2767 4039 Jebovae
2808 3950 2950 4044 est,
3006 3960 3167 4053 quod
3206 3959 3487 4033 concide·

1371 4056 1501 4107 rim
1546 4059 1678 4112 eas.

3024 4211 3133 4284 13.
3197 4192 3483 4277 Truden.
