<?xml version="1.0" encoding="UTF-8"?>
<!DOCTYPE html PUBLIC "-//W3C//DTD XHTML 1.0 Transitional//EN"
    "http://www.w3.org/TR/xhtml1/DTD/xhtml1-transitional.dtd">
<html xmlns="http://www.w3.org/1999/xhtml" xml:lang="en" lang="en">
 <head>
  <title>
</title>
<meta http-equiv="Content-Type" content="text/html;charset=utf-8" />
  <meta name='ocr-system' content='tesseract 3.04.00' />
  <meta name='ocr-capabilities' content='ocr_page ocr_carea ocr_par ocr_line ocrx_word'/>
</head>
<body>
  <div class='ocr_page' id='page_1' title='image "./hermannivenemac03venegoog_0239.png"; bbox 0 0 3984 5159; ppageno 0'>
   <div class='ocr_carea' id='block_1_1' title="bbox 579 404 1605 603">
    <p class='ocr_par' dir='ltr' id='par_1_1' title="bbox 579 404 1605 603">
     <span class='ocr_line' id='line_1_1' title="bbox 579 404 1605 603; baseline -0.019 -16"><span class='ocrx_word' id='word_1_1' title='bbox 579 526 653 603; x_wconf 78' lang='lat'>230</span> <span class='ocrx_word' id='word_1_2' title='bbox 754 404 1605 575; x_wconf 51' lang='lat' dir='ltr'>com‘uauraarusu</span> 
     </span>
    </p>
   </div>
   <div class='ocr_carea' id='block_1_2' title="bbox 582 662 1745 958">
    <p class='ocr_par' dir='ltr' id='par_1_2' title="bbox 582 662 1745 958">
     <span class='ocr_line' id='line_1_2' title="bbox 584 662 1745 767; baseline -0.008 -14"><span class='ocrx_word' id='word_1_3' title='bbox 584 675 680 763; x_wconf 82' lang='lat' dir='ltr'>Dei,</span> <span class='ocrx_word' id='word_1_4' title='bbox 718 686 760 749; x_wconf 92' lang='lat' dir='ltr'>ut</span> <span class='ocrx_word' id='word_1_5' title='bbox 787 690 896 746; x_wconf 81' lang='lat' dir='ltr'>voces</span> <span class='ocrx_word' id='word_1_6' title='bbox 926 669 1072 767; x_wconf 87' lang='lat' dir='ltr'><strong>proprie</strong></span> <span class='ocrx_word' id='word_1_7' title='bbox 1098 666 1255 756; x_wconf 84' lang='lat' dir='ltr'>sonant,</span> <span class='ocrx_word' id='word_1_8' title='bbox 1292 662 1346 741; x_wconf 88' lang='lat' dir='ltr'>est</span> <span class='ocrx_word' id='word_1_9' title='bbox 1363 667 1419 760; x_wconf 89' lang='lat' dir='ltr'>jus</span> <span class='ocrx_word' id='word_1_10' title='bbox 1440 664 1656 760; x_wconf 87' lang='lat' dir='ltr'>amantium,</span> <span class='ocrx_word' id='word_1_11' title='bbox 1684 668 1745 744; x_wconf 84' lang='lat' dir='ltr'>vel</span> 
     </span>
     <span class='ocr_line' id='line_1_3' title="bbox 584 763 1745 868; baseline -0.003 -20"><span class='ocrx_word' id='word_1_12' title='bbox 584 773 682 868; x_wconf 93' lang='lat' dir='ltr'>quod</span> <span class='ocrx_word' id='word_1_13' title='bbox 703 772 746 846; x_wconf 84' lang='lat' dir='ltr'>iis</span> <span class='ocrx_word' id='word_1_14' title='bbox 765 768 942 865; x_wconf 87' lang='lat' dir='ltr'>competit</span> <span class='ocrx_word' id='word_1_15' title='bbox 950 817 977 853; x_wconf 84' lang='grc'>,.</span> <span class='ocrx_word' id='word_1_16' title='bbox 988 779 1029 841; x_wconf 90' lang='lat' dir='ltr'>ut</span> <span class='ocrx_word' id='word_1_17' title='bbox 1042 765 1137 839; x_wconf 64' lang='lat' dir='ltr'>reule</span> <span class='ocrx_word' id='word_1_18' title='bbox 1153 765 1345 856; x_wconf 86' lang='lat' dir='ltr'>Coccejus‚</span> <span class='ocrx_word' id='word_1_19' title='bbox 1371 763 1433 859; x_wconf 90' lang='lat' dir='ltr'>qui</span> <span class='ocrx_word' id='word_1_20' title='bbox 1453 786 1566 858; x_wconf 88' lang='lat' dir='ltr'>prope</span> <span class='ocrx_word' id='word_1_21' title='bbox 1589 782 1745 843; x_wconf 83' lang='lat' dir='ltr'>amente</span> 
     </span>
     <span class='ocr_line' id='line_1_4' title="bbox 582 860 1743 958; baseline -0.007 -11"><span class='ocrx_word' id='word_1_22' title='bbox 582 869 706 947; x_wconf 87' lang='lat' dir='ltr'>nostra</span> <span class='ocrx_word' id='word_1_23' title='bbox 726 866 845 958; x_wconf 88' lang='lat' dir='ltr'>abest,</span> <span class='ocrx_word' id='word_1_24' title='bbox 878 867 913 941; x_wconf 82' lang='lat' dir='ltr'>dr</span> <span class='ocrx_word' id='word_1_25' title='bbox 941 864 998 939; x_wconf 93' lang='lat' dir='ltr'>hic</span> <span class='ocrx_word' id='word_1_26' title='bbox 1020 862 1255 939; x_wconf 86' lang='lat' dir='ltr'>consulendus</span> <span class='ocrx_word' id='word_1_27' title='bbox 1280 860 1341 937; x_wconf 69' lang='lat' dir='ltr'>est,</span> <span class='ocrx_word' id='word_1_28' title='bbox 1391 860 1550 936; x_wconf 90' lang='lat' dir='ltr'>Tantum</span> <span class='ocrx_word' id='word_1_29' title='bbox 1568 860 1743 956; x_wconf 79' lang='lat' dir='ltr'>observo,</span> 
     </span>
    </p>
   </div>
   <div class='ocr_carea' id='block_1_3' title="bbox 517 957 1877 1353">
    <p class='ocr_par' dir='ltr' id='par_1_3' title="bbox 517 957 1877 1353">
     <span class='ocr_line' id='line_1_5' title="bbox 582 957 1877 1061; baseline -0.008 -17"><span class='ocrx_word' id='word_1_30' title='bbox 582 990 661 1045; x_wconf 91' lang='lat' dir='ltr'>nou</span> <span class='ocrx_word' id='word_1_31' title='bbox 681 982 822 1041; x_wconf 87' lang='lat' dir='ltr'>tantum</span> <span class='ocrx_word' id='word_1_32' title='bbox 844 960 1035 1061; x_wconf 76' lang='lat' dir='ltr'>dignificare</span> <span class='ocrx_word' id='word_1_33' title='bbox 1057 976 1221 1056; x_wconf 89' lang='lat' dir='ltr'>poetam,</span> <span class='ocrx_word' id='word_1_34' title='bbox 1253 959 1288 1034; x_wconf 88' lang='lat' dir='ltr'>se</span> <span class='ocrx_word' id='word_1_35' title='bbox 1307 957 1435 1033; x_wconf 91' lang='lat' dir='ltr'>eodem</span> <span class='ocrx_word' id='word_1_36' title='bbox 1455 959 1555 1051; x_wconf 89' lang='lat' dir='ltr'>jure,</span> <span class='ocrx_word' id='word_1_37' title='bbox 1581 961 1617 1034; x_wconf 85' lang='lat' dir='ltr'>dr</span> <span class='ocrx_word' id='word_1_38' title='bbox 1631 960 1744 1057; x_wconf 84' lang='lat' dir='ltr'>legiti-</span> <span class='ocrx_word' id='word_1_39' title='bbox 1876 1020 1877 1041; x_wconf 31' lang='lat' dir='ltr'>t</span> 
     </span>
     <span class='ocr_line' id='line_1_6' title="bbox 517 1054 1877 1155; baseline 0 -22"><span class='ocrx_word' id='word_1_40' title='bbox 517 1126 522 1133; x_wconf 88' lang='lat'>.</span> <span class='ocrx_word' id='word_1_41' title='bbox 581 1089 645 1141; x_wconf 93' lang='lat' dir='ltr'>mo</span> <span class='ocrx_word' id='word_1_42' title='bbox 660 1084 783 1152; x_wconf 88' lang='lat' dir='ltr'>more,</span> <span class='ocrx_word' id='word_1_43' title='bbox 808 1082 911 1155; x_wconf 87' lang='lat' dir='ltr'>quam</span> <span class='ocrx_word' id='word_1_44' title='bbox 926 1062 1114 1135; x_wconf 90' lang='lat' dir='ltr'>notionem</span> <span class='ocrx_word' id='word_1_45' title='bbox 1129 1058 1207 1144; x_wconf 88' lang='lat' dir='ltr'>hic,</span> <span class='ocrx_word' id='word_1_46' title='bbox 1234 1057 1383 1145; x_wconf 72' lang='lat' dir='ltr'>draibi,</span> <span class='ocrx_word' id='word_1_47' title='bbox 1410 1054 1541 1131; x_wconf 84' lang='lat' dir='ltr'>exserit</span> <span class='ocrx_word' id='word_1_48' title='bbox 1562 1080 1674 1149; x_wconf 78' lang='lat' dir='ltr'>unua,</span> <span class='ocrx_word' id='word_1_49' title='bbox 1688 1059 1740 1133; x_wconf 88' lang='lat' dir='ltr'>uti</span> <span class='ocrx_word' id='word_1_50' title='bbox 1875 1080 1877 1155; x_wconf 61' lang='grc' dir='ltr'><em>ζ</em></span> 
     </span>
     <span class='ocr_line' id='line_1_7' title="bbox 581 1155 1877 1258; baseline -0.002 -23"><span class='ocrx_word' id='word_1_51' title='bbox 581 1160 743 1251; x_wconf 88' lang='lat' dir='ltr'>constat,</span> <span class='ocrx_word' id='word_1_52' title='bbox 772 1175 897 1253; x_wconf 89' lang='lat' dir='ltr'>petere</span> <span class='ocrx_word' id='word_1_53' title='bbox 927 1158 961 1229; x_wconf 74' lang='grc' dir='ltr'>δι</span> <span class='ocrx_word' id='word_1_54' title='bbox 984 1155 1046 1230; x_wconf 87' lang='lat' dir='ltr'>fibi</span> <span class='ocrx_word' id='word_1_55' title='bbox 1069 1156 1298 1258; x_wconf 86' lang='lat' dir='ltr'>promittere,</span> <span class='ocrx_word' id='word_1_56' title='bbox 1331 1174 1404 1248; x_wconf 92' lang='lat' dir='ltr'>quo</span> <span class='ocrx_word' id='word_1_57' title='bbox 1424 1166 1571 1229; x_wconf 83' lang='lat' dir='ltr'>amantes</span> <span class='ocrx_word' id='word_1_58' title='bbox 1590 1156 1748 1233; x_wconf 73' lang='lat' dir='ltr'>nominis·</span> <span class='ocrx_word' id='word_1_59' title='bbox 1876 1188 1877 1191; x_wconf 37' lang='lat'>¹</span> 
     </span>
     <span class='ocr_line' id='line_1_8' title="bbox 579 1248 1877 1353; baseline -0.002 -22"><span class='ocrx_word' id='word_1_60' title='bbox 579 1256 752 1353; x_wconf 72' lang='lat' dir='ltr'>jehovae,</span> <span class='ocrx_word' id='word_1_61' title='bbox 778 1253 884 1329; x_wconf 87' lang='lat' dir='ltr'>sed&amp;</span> <span class='ocrx_word' id='word_1_62' title='bbox 900 1256 1084 1342; x_wconf 83' lang='lat' dir='ltr'>attalem,</span> <span class='ocrx_word' id='word_1_63' title='bbox 1117 1254 1255 1349; x_wconf 90' lang='lat' dir='ltr'>qualem</span> <span class='ocrx_word' id='word_1_64' title='bbox 1271 1248 1470 1343; x_wconf 70' lang='lat' dir='ltr'>exspedlare</span> <span class='ocrx_word' id='word_1_65' title='bbox 1488 1251 1649 1350; x_wconf 82' lang='lat' dir='ltr'>legitimo</span> <span class='ocrx_word' id='word_1_66' title='bbox 1660 1254 1751 1346; x_wconf 73' lang='lat' dir='ltr'>jnre,</span> <span class='ocrx_word' id='word_1_67' title='bbox 1875 1250 1877 1311; x_wconf 76' lang='lat' dir='ltr'>l</span> 
     </span>
    </p>
   </div>
   <div class='ocr_carea' id='block_1_4' title="bbox 576 1344 1743 2124">
    <p class='ocr_par' dir='ltr' id='par_1_4' title="bbox 576 1344 1743 2033">
     <span class='ocr_line' id='line_1_9' title="bbox 580 1344 1703 1448; baseline -0.005 -19"><span class='ocrx_word' id='word_1_68' title='bbox 580 1354 698 1429; x_wconf 86' lang='lat' dir='ltr'><strong>solent</strong></span> <span class='ocrx_word' id='word_1_69' title='bbox 721 1369 877 1427; x_wconf 82' lang='lat' dir='ltr'>amantes</span> <span class='ocrx_word' id='word_1_70' title='bbox 900 1349 993 1438; x_wconf 89' lang='lat' dir='ltr'>Dei,</span> <span class='ocrx_word' id='word_1_71' title='bbox 1026 1348 1098 1425; x_wconf 86' lang='lat' dir='ltr'>sese</span> <span class='ocrx_word' id='word_1_72' title='bbox 1117 1350 1177 1427; x_wconf 86' lang='lat' dir='ltr'>fibi</span> <span class='ocrx_word' id='word_1_73' title='bbox 1201 1352 1356 1444; x_wconf 82' lang='lat' dir='ltr'>prebeat</span> <span class='ocrx_word' id='word_1_74' title='bbox 1369 1344 1490 1439; x_wconf 88' lang='lat' dir='ltr'>Deus,</span> <span class='ocrx_word' id='word_1_75' title='bbox 1514 1350 1676 1443; x_wconf 87' lang='lat' dir='ltr'>adeoque</span> <span class='ocrx_word' id='word_1_76' title='bbox 1687 1376 1703 1448; x_wconf 67' lang='lat' dir='ltr'>J</span> 
     </span>
     <span class='ocr_line' id='line_1_10' title="bbox 581 1442 1741 1545; baseline 0.002 -20"><span class='ocrx_word' id='word_1_77' title='bbox 581 1453 704 1525; x_wconf 80' lang='lat' dir='ltr'><strong><em>dicium</em></strong></span> <span class='ocrx_word' id='word_1_78' title='bbox 718 1451 824 1525; x_wconf 89' lang='lat' dir='ltr'>etiam</span> <span class='ocrx_word' id='word_1_79' title='bbox 839 1450 874 1527; x_wconf 74' lang='grc' dir='ltr'>δι</span> <span class='ocrx_word' id='word_1_80' title='bbox 882 1453 939 1545; x_wconf 76' lang='lat' dir='ltr'>jus</span> <span class='ocrx_word' id='word_1_81' title='bbox 953 1449 1014 1523; x_wconf 88' lang='lat' dir='ltr'>libi</span> <span class='ocrx_word' id='word_1_82' title='bbox 1030 1447 1155 1536; x_wconf 86' lang='lat' dir='ltr'>faciat,</span> <span class='ocrx_word' id='word_1_83' title='bbox 1179 1445 1283 1541; x_wconf 85' lang='lat' dir='ltr'>seque</span> <span class='ocrx_word' id='word_1_84' title='bbox 1297 1442 1437 1521; x_wconf 92' lang='lat' dir='ltr'>hostum</span> <span class='ocrx_word' id='word_1_85' title='bbox 1454 1444 1741 1528; x_wconf 71' lang='lat' dir='ltr'>insectationibus</span> 
     </span>
     <span class='ocr_line' id='line_1_11' title="bbox 580 1542 1743 1643; baseline 0.001 -19"><span class='ocrx_word' id='word_1_86' title='bbox 580 1550 732 1643; x_wconf 86' lang='lat' dir='ltr'>eripiat,</span> <span class='ocrx_word' id='word_1_87' title='bbox 772 1548 806 1624; x_wconf 79' lang='lat' dir='ltr'>dr</span> <span class='ocrx_word' id='word_1_88' title='bbox 838 1548 943 1641; x_wconf 90' lang='lat' dir='ltr'>plene</span> <span class='ocrx_word' id='word_1_89' title='bbox 969 1547 1121 1633; x_wconf 82' lang='lat' dir='ltr'>liberet,</span> <span class='ocrx_word' id='word_1_90' title='bbox 1151 1546 1204 1618; x_wconf 91' lang='lat' dir='ltr'>uti</span> <span class='ocrx_word' id='word_1_91' title='bbox 1225 1566 1310 1619; x_wconf 85' lang='lat' dir='ltr'>mox</span> <span class='ocrx_word' id='word_1_92' title='bbox 1330 1542 1503 1635; x_wconf 86' lang='lat' dir='ltr'>¹sequitur.</span> <span class='ocrx_word' id='word_1_93' title='bbox 1569 1544 1743 1625; x_wconf 86' lang='lat' dir='ltr'>Ceterum</span> 
     </span>
     <span class='ocr_line' id='line_1_12' title="bbox 579 1639 1739 1734; baseline -0.001 -13"><span class='ocrx_word' id='word_1_94' title='bbox 579 1660 726 1721; x_wconf 80' lang='lat' dir='ltr'>amanter</span> <span class='ocrx_word' id='word_1_95' title='bbox 750 1650 889 1721; x_wconf 86' lang='lat' dir='ltr'>nominis</span> <span class='ocrx_word' id='word_1_96' title='bbox 914 1644 985 1718; x_wconf 90' lang='lat' dir='ltr'>Dei</span> <span class='ocrx_word' id='word_1_97' title='bbox 1000 1666 1075 1719; x_wconf 90' lang='lat' dir='ltr'>non</span> <span class='ocrx_word' id='word_1_98' title='bbox 1089 1642 1168 1717; x_wconf 90' lang='lat' dir='ltr'>sunt</span> <span class='ocrx_word' id='word_1_99' title='bbox 1185 1639 1388 1734; x_wconf 88' lang='lat' dir='ltr'>fimpliciter</span> <span class='ocrx_word' id='word_1_100' title='bbox 1400 1656 1548 1716; x_wconf 80' lang='lat' dir='ltr'>amantes</span> <span class='ocrx_word' id='word_1_101' title='bbox 1564 1641 1654 1733; x_wconf 87' lang='lat' dir='ltr'>Dei,</span> <span class='ocrx_word' id='word_1_102' title='bbox 1681 1644 1739 1721; x_wconf 91' lang='lat' dir='ltr'>sed</span> 
     </span>
     <span class='ocr_line' id='line_1_13' title="bbox 576 1737 1738 1839; baseline -0.003 -22"><span class='ocrx_word' id='word_1_103' title='bbox 576 1743 614 1817; x_wconf 81' lang='lat' dir='ltr'>dr</span> <span class='ocrx_word' id='word_1_104' title='bbox 635 1750 774 1819; x_wconf 82' lang='lat' dir='ltr'>nominis</span> <span class='ocrx_word' id='word_1_105' title='bbox 791 1744 888 1836; x_wconf 86' lang='lat' dir='ltr'>ejus,</span> <span class='ocrx_word' id='word_1_106' title='bbox 919 1738 982 1814; x_wconf 93' lang='lat' dir='ltr'>seu</span> <span class='ocrx_word' id='word_1_107' title='bbox 1007 1737 1165 1839; x_wconf 75' lang='lat' dir='ltr'>Jebovu‚</span> <span class='ocrx_word' id='word_1_108' title='bbox 1194 1739 1266 1815; x_wconf 89' lang='lat' dir='ltr'>Dei</span> <span class='ocrx_word' id='word_1_109' title='bbox 1287 1740 1444 1829; x_wconf 86' lang='lat' dir='ltr'>veracis,</span> <span class='ocrx_word' id='word_1_110' title='bbox 1463 1737 1547 1833; x_wconf 88' lang='lat' dir='ltr'>justi</span> <span class='ocrx_word' id='word_1_111' title='bbox 1571 1756 1609 1815; x_wconf 92' lang='lat' dir='ltr'>et</span> <span class='ocrx_word' id='word_1_112' title='bbox 1629 1744 1738 1837; x_wconf 81' lang='lat' dir='ltr'>equi,</span> 
     </span>
     <span class='ocr_line' id='line_1_14' title="bbox 578 1832 1739 1935; baseline 0 -16"><span class='ocrx_word' id='word_1_113' title='bbox 578 1838 681 1918; x_wconf 81' lang='lat' dir='ltr'>timul</span> <span class='ocrx_word' id='word_1_114' title='bbox 711 1842 787 1931; x_wconf 82' lang='lat' dir='ltr'>ejus</span> <span class='ocrx_word' id='word_1_115' title='bbox 814 1835 1123 1913; x_wconf 87' lang='lat' dir='ltr'>demonstrationis</span> <span class='ocrx_word' id='word_1_116' title='bbox 1152 1849 1191 1910; x_wconf 88' lang='lat' dir='ltr'>et</span> <span class='ocrx_word' id='word_1_117' title='bbox 1221 1832 1490 1935; x_wconf 83' lang='lat' dir='ltr'>glorificationis</span> <span class='ocrx_word' id='word_1_118' title='bbox 1511 1836 1549 1913; x_wconf 91' lang='lat' dir='ltr'>in</span> <span class='ocrx_word' id='word_1_119' title='bbox 1569 1837 1739 1934; x_wconf 73' lang='lat' dir='ltr'>promiffis</span> 
     </span>
     <span class='ocr_line' id='line_1_15' title="bbox 581 1931 1324 2033; baseline -0.019 -19"><span class='ocrx_word' id='word_1_120' title='bbox 581 1938 779 2033; x_wconf 75' lang='lat' dir='ltr'>molendis,</span> <span class='ocrx_word' id='word_1_121' title='bbox 808 1933 928 2032; x_wconf 83' lang='lat' dir='ltr'>erpiis</span> <span class='ocrx_word' id='word_1_122' title='bbox 944 1931 1208 2009; x_wconf 86' lang='lat' dir='ltr'>beneficiendis.</span> <span class='ocrx_word' id='word_1_123' title='bbox 1246 2022 1251 2033; x_wconf 30' lang='grc' dir='ltr'>Ι</span> <span class='ocrx_word' id='word_1_124' title='bbox 1317 1988 1324 2000; x_wconf 89' lang='grc'><strong>.</strong></span> 
     </span>
    </p>

    <p class='ocr_par' dir='ltr' id='par_1_5' title="bbox 626 2028 1741 2124">
     <span class='ocr_line' id='line_1_16' title="bbox 626 2028 1741 2124; baseline 0.007 -18"><span class='ocrx_word' id='word_1_125' title='bbox 626 2040 660 2124; x_wconf 86' lang='lat'>§.</span> <span class='ocrx_word' id='word_1_126' title='bbox 677 2032 804 2106; x_wconf 89' lang='lat' dir='ltr'>LXlll.</span> <span class='ocrx_word' id='word_1_127' title='bbox 855 2034 890 2118; x_wconf 68' lang='lat' dir='ltr'>li</span> <span class='ocrx_word' id='word_1_128' title='bbox 918 2028 959 2104; x_wconf 89' lang='lat' dir='ltr'>In</span> <span class='ocrx_word' id='word_1_129' title='bbox 980 2029 1228 2124; x_wconf 78' lang='lat' dir='ltr'>propositionis</span> <span class='ocrx_word' id='word_1_130' title='bbox 1251 2029 1462 2107; x_wconf 79' lang='lat' dir='ltr'>dedudlione</span> <span class='ocrx_word' id='word_1_131' title='bbox 1488 2055 1520 2107; x_wconf 83' lang='lat' dir='ltr'>a.</span> <span class='ocrx_word' id='word_1_132' title='bbox 1536 2029 1741 2115; x_wconf 87' lang='lat' dir='ltr'>firmitatem</span> 
     </span>
    </p>
   </div>
   <div class='ocr_carea' id='block_1_5' title="bbox 580 2124 1878 2228">
    <p class='ocr_par' dir='ltr' id='par_1_6' title="bbox 580 2124 1878 2228">
     <span class='ocr_line' id='line_1_17' title="bbox 580 2124 1878 2228; baseline 0.005 -23"><span class='ocrx_word' id='word_1_133' title='bbox 580 2130 688 2205; x_wconf 85' lang='lat' dir='ltr'>animi</span> <span class='ocrx_word' id='word_1_134' title='bbox 707 2126 862 2201; x_wconf 84' lang='lat' dir='ltr'>&amp;status</span> <span class='ocrx_word' id='word_1_135' title='bbox 877 2124 1069 2203; x_wconf 89' lang='lat' dir='ltr'>seeundum</span> <span class='ocrx_word' id='word_1_136' title='bbox 1084 2126 1247 2219; x_wconf 81' lang='lat' dir='ltr'>promilia</span> <span class='ocrx_word' id='word_1_137' title='bbox 1262 2128 1334 2202; x_wconf 91' lang='lat' dir='ltr'>Dei</span> <span class='ocrx_word' id='word_1_138' title='bbox 1348 2131 1384 2205; x_wconf 92' lang='lat' dir='ltr'>in</span> <span class='ocrx_word' id='word_1_139' title='bbox 1398 2150 1530 2228; x_wconf 85' lang='lat' dir='ltr'>genere</span> <span class='ocrx_word' id='word_1_140' title='bbox 1544 2134 1639 2224; x_wconf 90' lang='lat' dir='ltr'>petit</span> <span class='ocrx_word' id='word_1_141' title='bbox 1654 2156 1739 2213; x_wconf 88' lang='lat' dir='ltr'>con·</span> <span class='ocrx_word' id='word_1_142' title='bbox 1877 2180 1878 2201; x_wconf 52' lang='lat' dir='ltr'>r</span> 
     </span>
    </p>
   </div>
   <div class='ocr_carea' id='block_1_6' title="bbox 576 2223 1739 2424">
    <p class='ocr_par' dir='ltr' id='par_1_7' title="bbox 576 2223 1739 2424">
     <span class='ocr_line' id='line_1_18' title="bbox 578 2223 1739 2319; baseline 0.006 -17"><span class='ocrx_word' id='word_1_143' title='bbox 578 2240 635 2302; x_wconf 91' lang='lat' dir='ltr'>tra</span> <span class='ocrx_word' id='word_1_144' title='bbox 654 2244 801 2303; x_wconf 87' lang='lat' dir='ltr'>omnem</span> <span class='ocrx_word' id='word_1_145' title='bbox 825 2224 1107 2319; x_wconf 84' lang='lat' dir='ltr'>qualemcunque</span> <span class='ocrx_word' id='word_1_146' title='bbox 1135 2223 1342 2302; x_wconf 89' lang='lat' dir='ltr'>violentiam</span> <span class='ocrx_word' id='word_1_147' title='bbox 1366 2226 1658 2319; x_wconf 85' lang='lat' dir='ltr'>consumentem,</span> <span class='ocrx_word' id='word_1_148' title='bbox 1693 2253 1739 2309; x_wconf 87' lang='lat' dir='ltr'>ne</span> 
     </span>
     <span class='ocr_line' id='line_1_19' title="bbox 576 2318 1735 2424; baseline 0.006 -25"><span class='ocrx_word' id='word_1_149' title='bbox 576 2323 653 2416; x_wconf 87' lang='lat' dir='ltr'>ejus</span> <span class='ocrx_word' id='word_1_150' title='bbox 668 2322 864 2399; x_wconf 84' lang='lat' dir='ltr'>dominanti</span> <span class='ocrx_word' id='word_1_151' title='bbox 878 2318 1020 2419; x_wconf 91' lang='lat' dir='ltr'>inperio</span> <span class='ocrx_word' id='word_1_152' title='bbox 1034 2321 1238 2415; x_wconf 86' lang='lat' dir='ltr'>subjiciatur</span> <span class='ocrx_word' id='word_1_153' title='bbox 1255 2323 1290 2398; x_wconf 81' lang='lat' dir='ltr'>dr</span> <span class='ocrx_word' id='word_1_154' title='bbox 1303 2324 1527 2415; x_wconf 85' lang='lat' dir='ltr'>succumbat,</span> <span class='ocrx_word' id='word_1_155' title='bbox 1542 2327 1635 2402; x_wconf 84' lang='lat' dir='ltr'>vers.</span> <span class='ocrx_word' id='word_1_156' title='bbox 1657 2351 1735 2424; x_wconf 84' lang='lat'>133.</span> 
     </span>
    </p>
   </div>
   <div class='ocr_carea' id='block_1_7' title="bbox 572 2416 1879 2813">
    <p class='ocr_par' dir='ltr' id='par_1_8' title="bbox 572 2416 1879 2813">
     <span class='ocr_line' id='line_1_20' title="bbox 577 2416 1878 2520; baseline 0.005 -23"><span class='ocrx_word' id='word_1_157' title='bbox 577 2417 711 2520; x_wconf 80' lang='lat' dir='ltr'>Greffur</span> <span class='ocrx_word' id='word_1_158' title='bbox 735 2443 817 2495; x_wconf 86' lang='lat' dir='ltr'>meos</span> <span class='ocrx_word' id='word_1_159' title='bbox 833 2416 950 2514; x_wconf 82' lang='lat' dir='ltr'>firmos</span> <span class='ocrx_word' id='word_1_160' title='bbox 972 2420 1065 2493; x_wconf 78' lang='lat' dir='ltr'>redde</span> <span class='ocrx_word' id='word_1_161' title='bbox 1081 2434 1142 2516; x_wconf 82' lang='lat' dir='ltr'>per</span> <span class='ocrx_word' id='word_1_162' title='bbox 1158 2419 1276 2495; x_wconf 68' lang='lat' dir='ltr'>dilium</span> <span class='ocrx_word' id='word_1_163' title='bbox 1293 2435 1409 2513; x_wconf 84' lang='lat' dir='ltr'>tunm,</span> <span class='ocrx_word' id='word_1_164' title='bbox 1441 2420 1736 2511; x_wconf 68' lang='lat' dir='ltr'>&amp;anduennium</span> <span class='ocrx_word' id='word_1_165' title='bbox 1876 2496 1878 2517; x_wconf 69' lang='grc'>,</span> 
     </span>
     <span class='ocr_line' id='line_1_21' title="bbox 572 2512 1879 2617; baseline 0.001 -21"><span class='ocrx_word' id='word_1_166' title='bbox 572 2526 610 2596; x_wconf 81' lang='lat' dir='ltr'>in</span> <span class='ocrx_word' id='word_1_167' title='bbox 629 2544 678 2595; x_wconf 82' lang='lat' dir='ltr'>rne</span> <span class='ocrx_word' id='word_1_168' title='bbox 701 2542 845 2594; x_wconf 82' lang='lat' dir='ltr'>exercere</span> <span class='ocrx_word' id='word_1_169' title='bbox 853 2514 989 2611; x_wconf 82' lang='lat' dir='ltr'>facias,</span> <span class='ocrx_word' id='word_1_170' title='bbox 1013 2512 1196 2611; x_wconf 73' lang='lat' dir='ltr'>autfinn,</span> <span class='ocrx_word' id='word_1_171' title='bbox 1222 2538 1344 2593; x_wconf 86' lang='lat' dir='ltr'>omnem</span> <span class='ocrx_word' id='word_1_172' title='bbox 1356 2521 1605 2617; x_wconf 81' lang='lat' dir='ltr'>qualemcunque</span> <span class='ocrx_word' id='word_1_173' title='bbox 1619 2528 1734 2597; x_wconf 84' lang='lat' dir='ltr'>exino-</span> <span class='ocrx_word' id='word_1_174' title='bbox 1878 2580 1879 2609; x_wconf 35' lang='lat'>1</span> 
     </span>
     <span class='ocr_line' id='line_1_22' title="bbox 572 2611 1879 2712; baseline 0.004 -21"><span class='ocrx_word' id='word_1_175' title='bbox 572 2611 755 2705; x_wconf 76' lang='lat' dir='ltr'>ultionem,</span> <span class='ocrx_word' id='word_1_176' title='bbox 789 2617 849 2689; x_wconf 90' lang='lat' dir='ltr'>vel</span> <span class='ocrx_word' id='word_1_177' title='bbox 869 2620 1061 2690; x_wconf 81' lang='lat' dir='ltr'>uiolentiam</span> <span class='ocrx_word' id='word_1_178' title='bbox 1084 2612 1326 2712; x_wconf 80' lang='lat' dir='ltr'>consumentem.</span> <span class='ocrx_word' id='word_1_179' title='bbox 1381 2615 1439 2691; x_wconf 86' lang='lat' dir='ltr'>Ad</span> <span class='ocrx_word' id='word_1_180' title='bbox 1460 2639 1610 2710; x_wconf 88' lang='lat' dir='ltr'>quorum</span> <span class='ocrx_word' id='word_1_181' title='bbox 1626 2620 1729 2696; x_wconf 89' lang='lat' dir='ltr'>intel·</span> <span class='ocrx_word' id='word_1_182' title='bbox 1878 2622 1879 2657; x_wconf 55' lang='lat' dir='ltr'>l</span> 
     </span>
     <span class='ocr_line' id='line_1_23' title="bbox 573 2710 1879 2813; baseline 0.008 -28"><span class='ocrx_word' id='word_1_183' title='bbox 573 2710 704 2786; x_wconf 73' lang='lat' dir='ltr'>lenum</span> <span class='ocrx_word' id='word_1_184' title='bbox 723 2714 843 2783; x_wconf 82' lang='lat' dir='ltr'>duobus</span> <span class='ocrx_word' id='word_1_185' title='bbox 863 2726 1004 2787; x_wconf 90' lang='lat' dir='ltr'>tantum</span> <span class='ocrx_word' id='word_1_186' title='bbox 1024 2734 1115 2805; x_wconf 88' lang='lat' dir='ltr'>opus</span> <span class='ocrx_word' id='word_1_187' title='bbox 1137 2710 1188 2787; x_wconf 90' lang='lat' dir='ltr'>est</span> <span class='ocrx_word' id='word_1_188' title='bbox 1208 2712 1425 2803; x_wconf 89' lang='lat' dir='ltr'>observatis,</span> <span class='ocrx_word' id='word_1_189' title='bbox 1457 2736 1531 2790; x_wconf 90' lang='lat' dir='ltr'>uno</span> <span class='ocrx_word' id='word_1_190' title='bbox 1553 2717 1597 2794; x_wconf 88' lang='lat' dir='ltr'>ad</span> <span class='ocrx_word' id='word_1_191' title='bbox 1612 2716 1730 2813; x_wconf 82' lang='lat' dir='ltr'>prius,</span> <span class='ocrx_word' id='word_1_192' title='bbox 1878 2758 1879 2805; x_wconf 68' lang='grc' dir='ltr'>ς</span> 
     </span>
    </p>
   </div>
   <div class='ocr_carea' id='block_1_8' title="bbox 574 2803 1730 3009">
    <p class='ocr_par' dir='ltr' id='par_1_9' title="bbox 574 2803 1730 3009">
     <span class='ocr_line' id='line_1_24' title="bbox 575 2803 1730 2907; baseline 0.013 -26"><span class='ocrx_word' id='word_1_193' title='bbox 575 2806 692 2881; x_wconf 84' lang='lat' dir='ltr'>altero</span> <span class='ocrx_word' id='word_1_194' title='bbox 711 2805 755 2879; x_wconf 84' lang='lat' dir='ltr'>ad</span> <span class='ocrx_word' id='word_1_195' title='bbox 772 2803 944 2899; x_wconf 84' lang='lat' dir='ltr'>posterius</span> <span class='ocrx_word' id='word_1_196' title='bbox 961 2810 1172 2885; x_wconf 89' lang='lat' dir='ltr'>membrum.</span> <span class='ocrx_word' id='word_1_197' title='bbox 1222 2808 1327 2885; x_wconf 82' lang='lat' dir='ltr'>Pn&#39;ur</span> <span class='ocrx_word' id='word_1_198' title='bbox 1342 2810 1470 2901; x_wconf 89' lang='lat' dir='ltr'>habet,</span> <span class='ocrx_word' id='word_1_199' title='bbox 1496 2818 1638 2907; x_wconf 75' lang='lat' dir='ltr'>poetam</span> <span class='ocrx_word' id='word_1_200' title='bbox 1653 2840 1730 2898; x_wconf 90' lang='lat' dir='ltr'>nou</span> 
     </span>
     <span class='ocr_line' id='line_1_25' title="bbox 574 2899 1728 3009; baseline 0.008 -28"><span class='ocrx_word' id='word_1_201' title='bbox 574 2899 792 2999; x_wconf 86' lang='lat' dir='ltr'>supplicare,</span> <span class='ocrx_word' id='word_1_202' title='bbox 817 2922 857 2979; x_wconf 93' lang='lat' dir='ltr'>ut</span> <span class='ocrx_word' id='word_1_203' title='bbox 881 2905 918 2979; x_wconf 91' lang='lat' dir='ltr'>in</span> <span class='ocrx_word' id='word_1_204' title='bbox 941 2902 1027 3001; x_wconf 87' lang='lat' dir='ltr'>legis</span> <span class='ocrx_word' id='word_1_205' title='bbox 1047 2903 1119 2978; x_wconf 89' lang='lat' dir='ltr'>Dei</span> <span class='ocrx_word' id='word_1_206' title='bbox 1141 2904 1363 2984; x_wconf 86' lang='lat' dir='ltr'>observantia</span> <span class='ocrx_word' id='word_1_207' title='bbox 1383 2906 1502 2985; x_wconf 87' lang='lat' dir='ltr'>firmos</span> <span class='ocrx_word' id='word_1_208' title='bbox 1526 2912 1658 3009; x_wconf 80' lang='lat' dir='ltr'>greilus</span> <span class='ocrx_word' id='word_1_209' title='bbox 1678 2912 1728 2990; x_wconf 85' lang='lat' dir='ltr'>fa·</span> 
     </span>
    </p>
   </div>
   <div class='ocr_carea' id='block_1_9' title="bbox 425 2999 1727 3102">
    <p class='ocr_par' dir='ltr' id='par_1_10' title="bbox 425 2999 1727 3102">
     <span class='ocr_line' id='line_1_26' title="bbox 425 2999 1727 3102; baseline 0.012 -27"><span class='ocrx_word' id='word_1_210' title='bbox 425 3037 427 3043; x_wconf 88' lang='lat'><em>·</em></span> <span class='ocrx_word' id='word_1_211' title='bbox 572 3001 670 3091; x_wconf 87' lang='lat' dir='ltr'>ciat,</span> <span class='ocrx_word' id='word_1_212' title='bbox 695 3000 754 3073; x_wconf 91' lang='lat' dir='ltr'>vel</span> <span class='ocrx_word' id='word_1_213' title='bbox 774 2999 809 3071; x_wconf 86' lang='lat' dir='ltr'>ei</span> <span class='ocrx_word' id='word_1_214' title='bbox 833 2999 1037 3075; x_wconf 87' lang='lat' dir='ltr'>constanter</span> <span class='ocrx_word' id='word_1_215' title='bbox 1059 3001 1290 3095; x_wconf 64' lang='lat' dir='ltr'>amarescat,</span> <span class='ocrx_word' id='word_1_216' title='bbox 1315 3005 1401 3081; x_wconf 89' lang='lat' dir='ltr'>srcut</span> <span class='ocrx_word' id='word_1_217' title='bbox 1426 3011 1505 3102; x_wconf 89' lang='lat' dir='ltr'>capi</span> <span class='ocrx_word' id='word_1_218' title='bbox 1525 3010 1633 3101; x_wconf 87' lang='lat' dir='ltr'>solet,</span> <span class='ocrx_word' id='word_1_219' title='bbox 1655 3011 1727 3091; x_wconf 77' lang='lat' dir='ltr'>&#39;sed</span> 
     </span>
    </p>
   </div>
   <div class='ocr_carea' id='block_1_10' title="bbox 495 3094 1732 3787">
    <p class='ocr_par' dir='ltr' id='par_1_11' title="bbox 495 3094 1732 3787">
     <span class='ocr_line' id='line_1_27' title="bbox 539 3094 1726 3198; baseline 0.007 -19"><span class='ocrx_word' id='word_1_220' title='bbox 539 3174 544 3179; x_wconf 85' lang='lat'><em>.</em></span> <span class='ocrx_word' id='word_1_221' title='bbox 571 3116 613 3177; x_wconf 88' lang='lat' dir='ltr'>ut</span> <span class='ocrx_word' id='word_1_222' title='bbox 628 3096 733 3174; x_wconf 90' lang='lat' dir='ltr'>firmo</span> <span class='ocrx_word' id='word_1_223' title='bbox 748 3094 910 3173; x_wconf 81' lang='lat' dir='ltr'>consistat</span> <span class='ocrx_word' id='word_1_224' title='bbox 925 3098 1019 3187; x_wconf 86' lang='lat' dir='ltr'>talo,</span> <span class='ocrx_word' id='word_1_225' title='bbox 1043 3096 1134 3173; x_wconf 87' lang='lat' dir='ltr'>statu</span> <span class='ocrx_word' id='word_1_226' title='bbox 1149 3099 1288 3179; x_wconf 89' lang='lat' dir='ltr'>fruatur</span> <span class='ocrx_word' id='word_1_227' title='bbox 1300 3100 1410 3179; x_wconf 87' lang='lat' dir='ltr'>stabili</span> <span class='ocrx_word' id='word_1_228' title='bbox 1424 3105 1458 3178; x_wconf 89' lang='lat'>&amp;</span> <span class='ocrx_word' id='word_1_229' title='bbox 1472 3106 1635 3198; x_wconf 89' lang='lat' dir='ltr'>inmoto,</span> <span class='ocrx_word' id='word_1_230' title='bbox 1657 3132 1726 3187; x_wconf 85' lang='lat' dir='ltr'>nee</span> 
     </span>
     <span class='ocr_line' id='line_1_28' title="bbox 569 3194 1725 3295; baseline 0.008 -22"><span class='ocrx_word' id='word_1_231' title='bbox 569 3195 752 3275; x_wconf 82' lang='lat' dir='ltr'>violentie</span> <span class='ocrx_word' id='word_1_232' title='bbox 776 3194 1012 3291; x_wconf 85' lang='lat' dir='ltr'>qualicunque</span> <span class='ocrx_word' id='word_1_233' title='bbox 1036 3194 1261 3286; x_wconf 84' lang='lat' dir='ltr'>succumbat,</span> <span class='ocrx_word' id='word_1_234' title='bbox 1286 3202 1325 3275; x_wconf 92' lang='lat' dir='ltr'>vi</span> <span class='ocrx_word' id='word_1_235' title='bbox 1345 3200 1497 3295; x_wconf 84' lang='lat' dir='ltr'>promiffi</span> <span class='ocrx_word' id='word_1_236' title='bbox 1520 3204 1601 3279; x_wconf 90' lang='lat' dir='ltr'>Dei.</span> <span class='ocrx_word' id='word_1_237' title='bbox 1649 3201 1725 3282; x_wconf 78' lang='lat' dir='ltr'>Fu·</span> 
     </span>
     <span class='ocr_line' id='line_1_29' title="bbox 567 3288 1725 3391; baseline 0.01 -20"><span class='ocrx_word' id='word_1_238' title='bbox 567 3321 636 3377; x_wconf 79' lang='lat' dir='ltr'>rnor</span> <span class='ocrx_word' id='word_1_239' title='bbox 656 3300 742 3373; x_wconf 81' lang='lat' dir='ltr'>enirn</span> <span class='ocrx_word' id='word_1_240' title='bbox 763 3294 891 3368; x_wconf 84' lang='lat' dir='ltr'>reddere</span> <span class='ocrx_word' id='word_1_241' title='bbox 909 3288 1055 3391; x_wconf 82' lang='lat' dir='ltr'>greffus,</span> <span class='ocrx_word' id='word_1_242' title='bbox 1084 3292 1127 3379; x_wconf 56' lang='grc' dir='ltr'><em>θ</em></span> <span class='ocrx_word' id='word_1_243' title='bbox 1148 3318 1212 3368; x_wconf 90' lang='lat' dir='ltr'>non</span> <span class='ocrx_word' id='word_1_244' title='bbox 1230 3297 1390 3373; x_wconf 82' lang='lat' dir='ltr'>dominari</span> <span class='ocrx_word' id='word_1_245' title='bbox 1399 3296 1514 3391; x_wconf 82' lang='lat' dir='ltr'>facere</span> <span class='ocrx_word' id='word_1_246' title='bbox 1530 3308 1725 3385; x_wconf 79' lang='lat' dir='ltr'>uiolentiam</span> 
     </span>
     <span class='ocr_line' id='line_1_30' title="bbox 568 3388 1723 3494; baseline 0.009 -26"><span class='ocrx_word' id='word_1_247' title='bbox 568 3394 632 3471; x_wconf 76' lang='lat' dir='ltr'>uhi</span> <span class='ocrx_word' id='word_1_248' title='bbox 662 3390 900 3491; x_wconf 87' lang='lat' dir='ltr'>respondent,</span> <span class='ocrx_word' id='word_1_249' title='bbox 944 3388 1005 3467; x_wconf 86' lang='lat' dir='ltr'>seu</span> <span class='ocrx_word' id='word_1_250' title='bbox 1030 3410 1296 3486; x_wconf 90' lang='lat' dir='ltr'>opponuntur,</span> <span class='ocrx_word' id='word_1_251' title='bbox 1335 3396 1495 3494; x_wconf 90' lang='lat' dir='ltr'>adeoque</span> <span class='ocrx_word' id='word_1_252' title='bbox 1519 3396 1723 3485; x_wconf 87' lang='lat' dir='ltr'>firmitatem</span> 
     </span>
     <span class='ocr_line' id='line_1_31' title="bbox 572 3488 1725 3597; baseline 0.014 -36"><span class='ocrx_word' id='word_1_253' title='bbox 572 3492 810 3582; x_wconf 87' lang='lat' dir='ltr'>conditionis,</span> <span class='ocrx_word' id='word_1_254' title='bbox 840 3489 1005 3585; x_wconf 87' lang='lat' dir='ltr'>oppolite</span> <span class='ocrx_word' id='word_1_255' title='bbox 1020 3488 1063 3563; x_wconf 89' lang='lat' dir='ltr'>ad</span> <span class='ocrx_word' id='word_1_256' title='bbox 1079 3490 1261 3567; x_wconf 76' lang='lat' dir='ltr'>violentie</span> <span class='ocrx_word' id='word_1_257' title='bbox 1275 3491 1548 3593; x_wconf 73' lang='lat' dir='ltr'>subjediionem‚</span> <span class='ocrx_word' id='word_1_258' title='bbox 1573 3501 1632 3575; x_wconf 86' lang='lat' dir='ltr'>hic</span> <span class='ocrx_word' id='word_1_259' title='bbox 1646 3501 1725 3597; x_wconf 91' lang='lat' dir='ltr'>sup·</span> 
     </span>
     <span class='ocr_line' id='line_1_32' title="bbox 495 3584 1732 3757; baseline 0.016 -102"><span class='ocrx_word' id='word_1_260' title='bbox 495 3624 502 3636; x_wconf 93' lang='lat'><strong>·</strong></span> <span class='ocrx_word' id='word_1_261' title='bbox 567 3588 702 3757; x_wconf 56' lang='lat' dir='ltr'>ghent,</span> <span class='ocrx_word' id='word_1_262' title='bbox 727 3587 798 3663; x_wconf 89' lang='lat' dir='ltr'>sese</span> <span class='ocrx_word' id='word_1_263' title='bbox 817 3589 858 3664; x_wconf 90' lang='lat' dir='ltr'>in</span> <span class='ocrx_word' id='word_1_264' title='bbox 873 3584 1021 3685; x_wconf 81' lang='lat' dir='ltr'>pruniffo</span> <span class='ocrx_word' id='word_1_265' title='bbox 1037 3585 1290 3680; x_wconf 88' lang='lat' dir='ltr'>Deifundans,</span> <span class='ocrx_word' id='word_1_266' title='bbox 1318 3592 1414 3685; x_wconf 91' lang='lat' dir='ltr'>quod</span> <span class='ocrx_word' id='word_1_267' title='bbox 1428 3593 1506 3681; x_wconf 83' lang='lat' dir='ltr'>hic,</span> <span class='ocrx_word' id='word_1_268' title='bbox 1528 3613 1569 3672; x_wconf 92' lang='lat' dir='ltr'>ut</span> <span class='ocrx_word' id='word_1_269' title='bbox 1583 3596 1671 3692; x_wconf 83' lang='lat' dir='ltr'>saepe</span> <span class='ocrx_word' id='word_1_270' title='bbox 1685 3598 1732 3677; x_wconf 82' lang='lat' dir='ltr'>iu&#39;</span> 
     </span>
     <span class='ocr_line' id='line_1_33' title="bbox 558 3682 1722 3787; baseline 0.018 -31"><span class='ocrx_word' id='word_1_271' title='bbox 558 3710 562 3717; x_wconf 94' lang='lat'>·</span> <span class='ocrx_word' id='word_1_272' title='bbox 595 3704 640 3757; x_wconf 88' lang='lat' dir='ltr'>oe</span> <span class='ocrx_word' id='word_1_273' title='bbox 661 3682 733 3773; x_wconf 77' lang='lat' dir='ltr'>Pi,</span> <span class='ocrx_word' id='word_1_274' title='bbox 757 3708 822 3779; x_wconf 85' lang='lat' dir='ltr'>per</span> <span class='ocrx_word' id='word_1_275' title='bbox 845 3686 964 3759; x_wconf 70' lang='lat' dir='ltr'>dilium</span> <span class='ocrx_word' id='word_1_276' title='bbox 987 3684 1060 3759; x_wconf 90' lang='lat' dir='ltr'>Dei</span> <span class='ocrx_word' id='word_1_277' title='bbox 1082 3684 1349 3784; x_wconf 85' lang='lat' dir='ltr'>intelligendum</span> <span class='ocrx_word' id='word_1_278' title='bbox 1365 3688 1427 3767; x_wconf 78' lang='lat' dir='ltr'>eu</span> <span class='ocrx_word' id='word_1_279' title='bbox 1477 3691 1722 3787; x_wconf 82' lang='lat' dir='ltr'>Posteriurob·</span> 
     </span>
    </p>
   </div>
   <div class='ocr_carea' id='block_1_11' title="bbox 413 3776 1721 4083">
    <p class='ocr_par' dir='ltr' id='par_1_12' title="bbox 413 3776 1721 4083">
     <span class='ocr_line' id='line_1_34' title="bbox 566 3776 1721 3891; baseline 0.014 -34"><span class='ocrx_word' id='word_1_280' title='bbox 566 3776 747 3857; x_wconf 78' lang='lat' dir='ltr'>servatum</span> <span class='ocrx_word' id='word_1_281' title='bbox 760 3781 832 3873; x_wconf 89' lang='lat' dir='ltr'>est,</span> <span class='ocrx_word' id='word_1_282' title='bbox 846 3798 992 3878; x_wconf 87' lang='lat' dir='ltr'>poetam</span> <span class='ocrx_word' id='word_1_283' title='bbox 1005 3779 1042 3854; x_wconf 90' lang='lat' dir='ltr'>in</span> <span class='ocrx_word' id='word_1_284' title='bbox 1059 3778 1253 3876; x_wconf 87' lang='lat' dir='ltr'>posteriore</span> <span class='ocrx_word' id='word_1_285' title='bbox 1270 3789 1432 3863; x_wconf 89' lang='lat' dir='ltr'>membro</span> <span class='ocrx_word' id='word_1_286' title='bbox 1449 3794 1621 3869; x_wconf 87' lang='lat' dir='ltr'>moralem</span> <span class='ocrx_word' id='word_1_287' title='bbox 1639 3818 1721 3891; x_wconf 88' lang='lat' dir='ltr'>pec·</span> 
     </span>
     <span class='ocr_line' id='line_1_35' title="bbox 564 3874 1717 3986; baseline 0.02 -37"><span class='ocrx_word' id='word_1_288' title='bbox 564 3878 639 3956; x_wconf 85' lang='lat' dir='ltr'>cati</span> <span class='ocrx_word' id='word_1_289' title='bbox 655 3874 860 3957; x_wconf 88' lang='lat' dir='ltr'>servitutem</span> <span class='ocrx_word' id='word_1_290' title='bbox 878 3903 954 3961; x_wconf 89' lang='lat' dir='ltr'>oon</span> <span class='ocrx_word' id='word_1_291' title='bbox 973 3877 1174 3974; x_wconf 84' lang='lat' dir='ltr'>deprecari,</span> <span class='ocrx_word' id='word_1_292' title='bbox 1200 3904 1276 3976; x_wconf 81' lang='lat' dir='ltr'>que</span> <span class='ocrx_word' id='word_1_293' title='bbox 1294 3887 1491 3962; x_wconf 88' lang='lat' dir='ltr'>communis</span> <span class='ocrx_word' id='word_1_294' title='bbox 1508 3888 1560 3964; x_wconf 90' lang='lat' dir='ltr'>est</span> <span class='ocrx_word' id='word_1_295' title='bbox 1573 3894 1717 3986; x_wconf 87' lang='lat' dir='ltr'>opinio,</span> 
     </span>
     <span class='ocr_line' id='line_1_36' title="bbox 413 3975 1716 4083; baseline 0.009 -32"><span class='ocrx_word' id='word_1_296' title='bbox 413 3994 417 4005; x_wconf 86' lang='grc'><em>’</em></span> <span class='ocrx_word' id='word_1_297' title='bbox 567 3977 628 4055; x_wconf 86' lang='lat' dir='ltr'>sed</span> <span class='ocrx_word' id='word_1_298' title='bbox 648 3975 846 4077; x_wconf 82' lang='lat' dir='ltr'>omnigene</span> <span class='ocrx_word' id='word_1_299' title='bbox 867 3979 1049 4062; x_wconf 81' lang='lat' dir='ltr'>violentie</span> <span class='ocrx_word' id='word_1_300' title='bbox 1063 3982 1282 4065; x_wconf 86' lang='lat' dir='ltr'>conterentis</span> <span class='ocrx_word' id='word_1_301' title='bbox 1303 3982 1501 4066; x_wconf 87' lang='lat' dir='ltr'>dominium</span> <span class='ocrx_word' id='word_1_302' title='bbox 1513 3988 1628 4083; x_wconf 88' lang='lat' dir='ltr'>inse,</span> <span class='ocrx_word' id='word_1_303' title='bbox 1652 4012 1716 4081; x_wconf 83' lang='lat' dir='ltr'>op·</span> 
     </span>
    </p>
   </div>
   <div class='ocr_carea' id='block_1_12' title="bbox 1623 4085 1718 4184">
    <p class='ocr_par' dir='ltr' id='par_1_13' title="bbox 1623 4085 1718 4184">
     <span class='ocr_line' id='line_1_37' title="bbox 1623 4085 1718 4184; baseline 0.011 -23"><span class='ocrx_word' id='word_1_304' title='bbox 1623 4085 1718 4184; x_wconf 82' lang='lat' dir='ltr'>pofi·</span> 
     </span>
    </p>
   </div>
   <div class='ocr_carea' id='block_1_13' title="bbox 0 0 1996 5159">
    <p class='ocr_par' dir='ltr' id='par_1_14' title="bbox 0 0 1996 5159">
     <span class='ocr_line' id='line_1_38' title="bbox 0 0 1996 5159; baseline 0 12"><span class='ocrx_word' id='word_1_305' title='bbox 0 0 1996 5159; x_wconf 95' lang='lat' dir='ltr'> </span> 
     </span>
    </p>
   </div>
  </div>
 </body>
</html>
