3984 5159
628 466 1639 628 m‘comnemeanius

632 708 681 795 ἐξ
696 713 807 804 loquar
826 710 862 778 in
880 706 1079 776 ornamentis
1102 706 1169 774 tais
1186 698 1278 798 (tuis
1292 701 1576 784 instrudiionibus
1596 709 1816 812 &precem

630 811 682 883 ‚tis
698 823 842 880 ornatus
858 805 967 875 libere
986 801 1149 894 &palam
1165 801 1344 889 dilleram,
1365 803 1501 880 causam
1518 826 1613 884 tuam
1631 811 1667 884 bc
1681 836 1794 891 meam

629 905 813 1001 intrepide
837 922 966 997 agens,
992 900 1026 971 ἃ
1051 900 1205 991 carpturi
1218 921 1300 972 meo
1318 904 1451 1005 verbnm
1467 902 1675 999 respondens,
1691 928 1731 985 ut
1745 912 1795 986 est

583 1082 585 1084 ,
634 1003 728 1076 vers.
745 1025 805 1092 42.
845 999 951 1070 llunc
968 998 1063 1071 enim
1081 996 1274 1069 verborum
1290 996 1358 1070 elle
1374 1000 1508 1100 lenium
1523 1010 1793 1084 autumaverim.

639 1099 805 1173 Verbum
826 1124 882 1169 mi
909 1097 966 1166 bic
990 1093 1088 1167 usum
1111 1093 1312 1179 forensem,
1347 1114 1386 1169 ut
1408 1098 1496 1191 l'aepe
1513 1103 1618 1191 alibi,
1645 1108 1792 1199 exierit,

630 1197 674 1271 a
695 1200 893 1288 disceptare,
920 1189 1054 1266 causam
1076 1214 1179 1287 agere
1196 1215 1236 1263 ac
1252 1194 1388 1287 longius
1404 1198 1604 1287 deducere,
1629 1202 1793 1292 denotat,

495 1333 496 1336 =
630 1297 724 1388 ioqui
747 1300 782 1364 in
811 1296 1031 1376 ornamentis,
1050 1306 1056 1314 ·
1072 1290 1132 1362 seu
1154 1288 1462 1380 iustruiliunibus,
1497 1319 1572 1371 non
1593 1296 1644 1370 est
1665 1302 1702 1372 de
1726 1306 1794 1375 illis

628 1389 822 1475 disserere,
850 1387 944 1482 quod
972 1386 1023 1459 est
1044 1388 1256 1476 insolitum,
1280 1389 1338 1460 sed
1361 1391 1400 1466 iis
1426 1391 1594 1499 pellitam
1622 1418 1663 1469 ac
1682 1402 1793 1473 muni·
1887 1456 1889 1458 -

637 1500 736 1571 tum,
756 1488 812 1557 vel
828 1487 1074 1572 incedentem,
1092 1489 1307 1579 disceptare,
1326 1489 1378 1560 uti
1394 1489 1484 1565 vers.
1505 1493 1594 1581 14&
1612 1501 1716 1583 apin
1736 1503 1793 1569 uia

636 1582 882 1675 infiruliionum
907 1585 938 1655 dt
955 1584 1095 1680 legum)
1111 1608 1216 1658 coram
1232 1588 1362 1679 regibus
1379 1585 1504 1682 (Saulo
1520 1591 1553 1661 dt
1570 1591 1794 1683 conliliariis,

641 1681 962 1775 &quibuscunque
987 1682 1083 1767 aliis,
1115 1681 1138 1753 si
1160 1682 1297 1756 occasio
1321 1682 1435 1777 ferat)
1460 1686 1502 1768 ἐξ
1524 1711 1587 1759 non
1611 1689 1794 1780 confundar

507 1788 510 1793 ’
630 1776 763 1873 (caula
784 1803 856 1854 non
880 1780 1021 1865 cadam,
1054 1801 1132 1853 cum
1157 1780 1293 1872 pudore
1317 1797 1481 1871 tanquam
1502 1785 1613 1859 vitius
1635 1810 1711 1862 non
1733 1789 1796 1863 dis·

636 1877 780 1962 cedam,
809 1876 868 1948 sed
891 1879 1127 1968 obloquentes
1151 1875 1185 1949 a
1213 1877 1451 1954 obtrectantes
1475 1882 1717 1977 confundam,
1743 1891 1796 1963 uti

636 1972 1039 2076 versitababuimus).
1616 1970 1627 1985 ’
1670 2061 1674 2066 ,

674 2075 718 2158 ⁸§.
735 2067 878 2144 XXVll.
931 2103 965 2164 y.
992 2069 1129 2142 Desinit
1151 2092 1216 2168 pro
1233 2094 1334 2145 more
1349 2073 1384 2147 in
1400 2076 1526 2151 mentis
1543 2077 1744 2156 adfettione
1759 2085 1804 2159 &-

634 2164 847 2260 proposito,
875 2166 1033 2258 respectu
1062 2167 1146 2261 legis
1169 2168 1319 2256 divinae,
1354 2169 1591 2261 testificandO,
1626 2178 1716 2254 vers:
1733 2205 1793 2275 47,

630 2265 695 2351 48.
725 2261 792 2351 Et,
821 2265 1036 2358 velimque,
1058 2280 1170 2337 memes
1193 2266 1344 2353 olleslnbo
1366 2275 1401 2340 in
1417 2278 1588 2366 preceptis
1612 2282 1702 2367 tuis,
1729 2304 1795 2372 qua

636 2361 737 2455 diligo
769 2361 915 2451 (eorum
946 2360 1176 2435 meditatione
1200 2362 1234 2433 dt
1255 2361 1502 2462 obseruatione
1525 2392 1582 2443 me
1605 2372 1793 2451 oblediabo

635 2456 670 2530 dt
697 2462 887 2544 recreab03
923 2459 974 2531 uti
1001 2458 1090 2533 vers.
1118 2463 1168 2532 ιό.
1197 2459 1402 2561 habuimus)
1428 2463 1471 2547 69⁹
1492 2470 1619 2559 palmas
1640 2494 1728 2564 meas
1749 2477 1789 2547 ad

630 2570 790 2649 precepta
819 2573 878 2629 tun
900 2557 1075 2641 adimam,
1110 2553 1421 2652 (admirabundus,
1453 2562 1730 2658 gloriabundus,
1756 2572 1792 2646 dc

488 2733 491 2742 s
629 2656 906 2728 venerabundus
933 2655 1123 2746 recipiam,
1164 2676 1334 2747 meosque
1357 2660 1394 2731 in
1415 2659 1494 2734 usus
1516 2677 1676 2753 vertam,
1708 2690 1793 2761 prae·

630 2767 738 2839 cepta
762 2767 833 2823 tiu.
884 2748 1060 2826 Mannum·
1074 2752 1167 2822 enim
1175 2750 1320 2841 sublatio
1336 2757 1455 2830 talium
1470 2758 1713 2840 adsedsionum
1730 2766 1789 2863 sig·

636 2864 725 2917 num
747 2844 816 2916 elic
834 2844 944 2931 solet,
957 2913 958 2918 ,
971 2848 1005 2920 dt
1017 2846 1089 2943 buc
1105 2845 1200 2938 rusie
1214 2850 1357 2940 quadrat
1366 2851 1406 3021 q?
1424 2852 1466 2936 ὃ
1480 2858 1662 2931 discurram
1678 2868 1713 2935 in
1726 2861 1791 2953 {la-

610 2939 719 3011 't'utt's
737 2947 814 3012 *tais
838 2941 1040 3036 (profunda
1062 2942 1096 3017 a
1119 2944 1288 3021 continua
1312 2972 1370 3024 me
1396 2951 1545 3031 itatione
1572 2974 1630 3033 me
1652 2959 1732 3035 laete
1755 2962 1790 3035 in

605 3086 608 3092 »
632 3036 675 3110 iis
690 3040 883 3116 exercebo..
908 3037 991 3114 Vid.
1008 3039 1155 3128 advers.
1177 3066 1190 3116 1
1197 3043 1254 3141 ς.)

630 3193 633 3201 ,
681 3139 714 3225 §.
738 3135 904 3209 XXVlll.
941 3136 1084 3230 Septima
1112 3141 1325 3235 pericopa,
1348 3145 1595 3241 vermo-56.
1626 3152 1723 3229 resse
1747 3157 1790 3234 ad

629 3230 761 3307 statum
786 3234 930 3309 Davidis
953 3234 1130 3325 refertur,
1158 3261 1250 3334 quo,
1275 3243 1434 3319 manibus
1449 3249 1541 3320 Sauli
1558 3253 1701 3328 tandem
1718 3258 1790 3346 ple·

625 3353 678 3405 ne
702 3331 856 3427 elapsus,
886 3331 983 3406 sedes
1001 3333 1117 3425 posuit
1131 3337 1240 3432 magis
1253 3334 1338 3412 fixas
1356 3340 1392 3415 in
1408 3358 1500 3418 terra
1514 3352 1723 3447 peregrina,
1748 3353 1787 3428 li·
1907 3363 1908 3367 ’

627 3446 696 3504 -cut
713 3429 832 3504 secisse
845 3432 938 3504 inter
953 3429 1142 3505 Philistaeos
1157 3433 1310 3530 legitur,
1340 3459 1353 3508 1
1372 3440 1462 3515 Sam.
1479 3453 1593 3519 xxvii.
1644 3446 1729 3547 Quo
1752 3452 1790 3527 in

555 3554 559 3562 ·
585 3597 599 3617 ι
632 3527 743 3617 phrasi
767 3531 873 3600 domus
894 3535 1187 3624 peregrinationis,
1214 3532 1303 3607 vers.
1325 3556 1383 3625 54.
1409 3538 1501 3613 haud
1514 3543 1664 3619 obscure
1684 3546 1787 3642 respi-

634 3637 718 3693 cere
734 3625 894 3697 videtur:
918 3626 1050 3700 indicat
1073 3644 1266 3717 praterea,
1290 3630 1362 3705 sese
1385 3638 1555 3724 majorem
1576 3642 1787 3720 consolatio·
1817 3716 1819 3719 ,

629 3739 720 3790 ,nem
745 3740 786 3790 ac
812 3720 908 3813 spem
933 3723 1034 3796 fuisse
1058 3721 1219 3813 nattum,
1258 3748 1301 3801 ex
1321 3732 1567 3821 promissorum
1591 3740 1688 3830 Dei,
1727 3743 1789 3817 sibi

571 3818 577 3825 “
628 3811 828 3905 stilorum,
854 3820 992 3911 aliquali
1014 3819 1256 3912 inplemcnt0‚
1282 3831 1377 3919 quod
1404 3831 1709 3923 persecutionibus
1734 3842 1787 3916 su·

624 3913 826 4005 ‚perborum
848 3939 925 3991 non
947 3915 1192 4005 succubuerit,
1226 3921 1287 4007 led
1307 3923 1416 4001 salvus
1439 3934 1601 4009 evaserit.
1651 3936 1734 4008 Hoc
1748 3940 1785 4015 in

624 4006 718 4120 statu
733 4013 871 4109 politus
889 4036 973 4109 quas
987 4014 1151 4095 babuerit
1163 4017 1402 4119 adsessiones,
1429 4032 1648 4126 quitatione
1662 4032 1782 4110 Deum

1099 4174 1103 4186 .
1659 4152 1786 4212 orave·
