3984 5159
637 557 710 660 m
797 545 1611 632 commentarius

642 747 679 824 dt
701 747 852 840 incolis,
890 748 951 843 qui
973 747 1033 823 vel
1053 741 1311 838 Hierosolymo
1329 741 1517 833 habitant,
1550 742 1602 816 vel
1618 758 1746 832 eanum

643 849 839 946 metropoli
862 846 1020 934 habent,
1045 845 1251 937 ubicunque
1275 842 1380 917 etiam
1403 841 1507 915 sedes
1530 836 1660 914 fixerint
1691 837 1741 910 ue

645 945 709 1020 bet
729 949 830 1022 enim
848 945 882 1019 dt
904 943 1023 1042 potest
1045 938 1291 1034 Hierosolyma
1316 937 1554 1028 confiderari,
1584 937 1746 1028 &tanqum

643 1047 744 1134 urbs,
770 1043 990 1138 &tanquam
1013 1043 1216 1137 metropolis,
1247 1039 1348 1126 cuius
1371 1059 1499 1113 omnes
1519 1035 1626 1129 Judei
1644 1033 1749 1108 sunto

644 1159 719 1214 ves.
770 1137 888 1240 Quem
912 1135 1142 1236 significatum
1165 1135 1250 1211 licut
1269 1137 1422 1210 verbum
1436 1133 1600 1231 aedficcre
1614 1133 1753 1220 delum,

643 1237 703 1309 vel
728 1239 835 1326 urbe,
858 1233 1082 1330 ustupatum,
1107 1234 1314 1328 frequenter
1329 1234 1461 1322 habet,
1488 1235 1545 1308 uti
1563 1229 1753 1306 alibitmm

642 1329 769 1420 stravi,
794 1334 956 1425 proxime
978 1333 1021 1404 ad
1043 1330 1095 1434 Pl.
1120 1353 1250 1407 cxrmr.
1275 1332 1324 1405 ita
1338 1331 1396 1405 hic
1410 1331 1691 1414 omninodebet,
1707 1348 1757 1400 nn

643 1429 741 1522 quod
763 1427 904 1524 postea,
934 1429 1026 1506 vers.
1054 1451 1131 1524 13.,
1156 1429 1301 1503 demum
1317 1429 1362 1502 de
1385 1423 1758 1504 urbisinstaumooset

640 1527 845 1602 munitione
865 1545 1010 1626 agatur,
1042 1543 1112 1601 tum
1141 1528 1239 1621 quod
1267 1547 1351 1600 mox
1379 1525 1604 1600 collestionis
1633 1518 1759 1617 diutia

641 1643 723 1698 rum
739 1625 783 1698 ad
798 1645 876 1700 eam
898 1629 1036 1702 mentio
1055 1621 1138 1703 fiat,
1164 1639 1236 1697 tum
1252 1623 1348 1717 quod
1362 1623 1397 1698 in
1411 1621 1486 1698 linc
1502 1625 1673 1718 pericopae
1685 1617 1760 1692 deti

642 1719 742 1796 vium
771 1724 1088 1818 multiplicaturum
1111 1720 1285 1794 ditatione
1308 1735 1451 1819 agatur,
1477 1737 1523 1795 ut
1543 1743 1628 1797 mox
1643 1715 1760 1812 patebit:

640 1818 799 1912 accedit,
824 1818 1069 1897 intermediam
1092 1819 1343 1894 exaltationem
1356 1818 1426 1890 Dei
1439 1835 1611 1914 tanquam
1623 1815 1760 1890 stellam

641 1919 902 2008 numeratoris,
928 1939 975 1992 en
995 1935 1141 2011 quoque
1164 1916 1332 1991 tendere:
1356 1928 1399 1989 ut
1417 1913 1491 2010 seq.
1513 1915 1669 1992 trattatio
1687 1913 1761 1984 doce

640 2011 705 2088 bit.
771 2011 1003 2112 Dispersrrom
1027 2013 1183 2101 colledio,
1217 2033 1296 2106 quae
1317 2009 1568 2109 subjungitur,
1606 2013 1647 2088 ad
1664 2010 1761 2084 civim

640 2110 897 2204 Hierosolymo
919 2110 1253 2202 multiplicationem
1266 2109 1600 2204 omninn‘respicit,
1622 2109 1760 2199 dicitque,

638 2207 837 2303 israelitas,
879 2207 939 2278 seu
970 2203 1146 2301 didipatoo
1169 2225 1234 2300 per
1255 2205 1492 2281 calamitatem
1521 2207 1760 2303 Epiphanius,

637 2303 698 2376 vel
720 2303 756 2375 in
787 2301 895 2376 exilio
916 2304 1065 2397 antiquo
1093 2303 1311 2397 Babylonico
1330 2302 1581 2397 &2Affyriaco
1603 2305 1705 2378 adhuc
1720 2297 1759 2370 de

636 2412 785 2498 gentes,
811 2399 938 2495 quibus
961 2401 1120 2494 utrisque
1142 2401 1267 2475 titulus
1288 2399 1491 2496 disjriiorum
1512 2401 1649 2477 Israelis
1658 2414 1757 2474 corre·

635 2494 715 2586 nit,
740 2499 866 2589 partim
888 2499 931 2572 ad
953 2498 1051 2572 sedes
1072 2494 1147 2571 suas
1169 2497 1393 2585 reversuros,
1417 2498 1549 2592 partim
1575 2490 1758 2574 inumeri

636 2593 807 2684 vitatem,
832 2599 932 2688 cujus
953 2595 1163 2689 metropolis
1184 2592 1238 2668 est
1258 2593 1529 2690 Hierosolyma,
1557 2590 1756 2672 redemendo

633 2689 727 2783 esseq
752 2689 840 2768 licut
862 2693 1010 2769 &nunc
1023 2691 1155 2767 laetum
1178 2707 1266 2767 erat.
1291 2686 1749 2787 conf.Jes.sv11.t.uld

635 2809 697 2864 tv:
719 2791 754 2865 6.
782 2791 818 2866 dt
838 2791 931 2866 alibi.
981 2786 1197 2866 Beneficium
1222 2790 1341 2886 itaque
1362 2793 1651 2886 multiplicationis
1667 2779 1753 2884 poelli

632 2885 767 2982 Judaei,
788 2888 823 2960 dt
843 2889 1005 2964 omnium
1028 2889 1262 2964 israelitarum
1285 2885 1544 2979 conjunctiora
1558 2910 1663 2965 unam
1673 2883 1753 2961 soce

632 2999 768 3074 tatem,
792 2983 853 3058 hic
875 2986 1147 3062 memoratur&
1170 2985 1376 3075 extollitur,
1398 3006 1472 3077 quo
1485 2985 1601 3081 Judaei
1615 2980 1753 3060 subulae

631 3083 758 3158 cabaeis
784 3083 933 3158 maxime
962 3082 1043 3158 sunt
1070 3080 1195 3180 gavit,
1232 3097 1275 3159 ut
1300 3081 1505 3178 predictum
1532 3101 1631 3176 erat,
1669 3077 1752 3154 Deut-

631 3199 715 3257 xxx:
742 3199 775 3272 5.
802 3181 839 3256 dt
856 3179 949 3255 alibi,
1001 3178 1060 3253 De
1075 3199 1149 3274 quo
1161 3178 1244 3253 alibi
1257 3181 1384 3277 agitur.

681 3281 715 3368 §.
734 3275 814 3353 Vll.
862 3281 893 3352 l.
921 3275 1089 3354 Inseritur
1102 3275 1273 3352 confeffio
1288 3277 1323 3352 dt
1336 3278 1504 3354 exaltatio
1517 3279 1613 3368 Dei,
1628 3271 1751 3374 quillr't»

628 3371 841 3470 rosolymam
865 3371 1033 3467 aedificat,
1066 3375 1100 3450 dr
1127 3373 1294 3472 dispersos
1320 3373 1455 3452 Israelis
1475 3379 1666 3475 recolligit,
1697 3387 1750 3446 tan

629 3489 735 3642 guam
755 3470 929 3563 benefici,
954 3470 1182 3568 potentiffimi
1205 3474 1239 3547 dc
1263 3470 1495 3567 sapientidimi
1517 3473 1660 3552 Domini
1674 3470 1749 3544 ure

664 3570 735 3644 oris
756 3569 932 3663 universr3
959 3593 1007 3646 eo
1030 3571 1139 3667 scopo
1152 3569 1262 3660 latia,
1286 3586 1327 3648 ut
1340 3571 1441 3646 Deus
1457 3571 1561 3667 supra
1573 3573 1685 3647 omnia
1696 3564 1749 3637 ido

627 3665 662 3739 la
692 3666 725 3738 dt
752 3667 800 3742 lic
823 3667 934 3744 didos
962 3669 1062 3745 Deos
1084 3671 1336 3758 extolleretur,
1359 3667 1395 3742 dc
1415 3669 1502 3764 reip.
1516 3665 1749 3744 inilaumtioet

627 3760 762 3837 unna
785 3767 981 3842 emunitate
1002 3766 1088 3864 ipfi,
1131 3784 1295 3862 tanquam
1322 3765 1454 3856 eausae,
1500 3765 1747 3843 adscriberetur,

626 3859 793 3951 adeoque
814 3865 962 3937 materia
990 3865 1199 3940 laudationis
1225 3859 1517 3956 amplificaretur,
1553 3863 1745 3958 populoque

613 3978 672 4132 ἑο
694 3955 802 4136 maffia
823 3957 866 4033 ad
884 3959 1008 4039 Deum
1029 3961 1237 4038 laudandum
1253 3961 1491 4053 excitaretur,
1522 3957 1742 4038 erconliderr

653 4079 702 4136 on
758 4079 782 4135 u

783 4079 887 4137 mmae
907 4057 944 4136 dr
962 4059 1210 4158 potentidimae
1230 4059 1417 4160 majestatis
1443 4062 1539 4153 ‘juli
1569 4057 1653 4136 Veis·
1675 4065 1738 4247 ὃῷ
1829 4141 1831 4183 ,

1825 4242 1828 4276 l

1825 4515 1827 4540 l

1825 4565 1828 4599 l
