3984 5159
640 573 714 685 με
812 531 1678 648 naumann-natue

642 752 826 830 eerddtale
845 750 959 840 uniti,
982 761 1026 824 ut
1046 743 1225 840 &fauerit
1239 743 1617 846 Dourga-populun,
1643 761 1813 848 tanqam}

639 851 757 928 fontia
778 849 942 928 omnium
963 851 1164 934 bonorum,
1193 866 1276 920 'curn
1303 866 1367 940 per
1383 847 1624 926 'sacerdotium
1641 861 1808 946 tanquam

646 950 807 1025 canalem
832 943 965 1040 quaevia
987 946 1082 1019 bona
1101 942 1145 1017 ad
1160 945 1334 1036 populum
1349 945 1589 1020 redundarint.
1639 949 1808 1024 Cumina-

644 1066 717 1144 que
737 1047 774 1120 in
796 1044 868 1118 hoc
890 1055 1076 1130 conuentu,
1108 1041 1203 1116 utin
1226 1059 1301 1115 rern
1325 1041 1532 1134 praesentem
1558 1047 1722 1138 veniam,
1757 1045 1804 1120 sa·

643 1165 791 1219 erorum
818 1139 943 1213 rnodus
968 1138 1116 1212 &ratio
1144 1137 1231 1212 elset
1253 1133 1421 1226 definita,
1453 1143 1685 1238 omniumque
1712 1145 1809 1220 votis

640 1237 811 1328 firmata,
836 1237 909 1328 iple
929 1233 1094 1308 Pontifex
1115 1233 1258 1310 nntius:
1285 1233 1387 1308 facile
1410 1237 1607 1327 uidemus,
1639 1263 1714 1332 quo
1734 1242 1808 1317 seo-

644 1359 697 1433 po
720 1337 791 1408 hoe
816 1334 1029 1407 emblemate
1056 1331 1132 1408 usus
1162 1332 1271 1408 luerit
1296 1349 1421 1428 poetar
1447 1353 1510 1424 ut,
1552 1337 1595 1412 ad
1622 1339 1808 1414 celebrita-

645 1451 722 1510 tem
739 1447 939 1505 conventus
953 1431 1213 1515 extollendam,
1227 1431 1270 1504 in
1288 1433 1447 1507 omnium
1463 1433 1586 1509 oculos
1603 1436 1808 1532 ingereret,

646 1546 778 1625 quanta
800 1529 894 1602 bona
914 1528 996 1602 inde
1012 1529 1055 1601 ad
1071 1525 1272 1603 uniuersum
1289 1533 1459 1623 populum
1477 1530 1716 1624 profluerent,
1742 1537 1805 1610 bo·

645 1649 694 1704 na
723 1627 756 1700 sc
790 1641 920 1701 mutua
943 1626 1085 1700 unitatis
1108 1625 1142 1698 dr
1167 1623 1421 1700 benedidionis
1448 1628 1608 1714 Divinae,
1631 1649 1805 1725 praeterea

644 1721 834 1798 universos
855 1723 1103 1796 adhortaretur
1131 1723 1175 1795 ad
1199 1723 1368 1797 unionem
1394 1725 1483 1799 hanc
1502 1727 1802 1823 conservandam,

644 1821 680 1895 u
699 1823 732 1895 le
755 1822 815 1898 tali
839 1819 1038 1894 sacerdotio
1059 1818 1184 1916 dignos
1205 1818 1491 1910 constituendos,
1515 1839 1557 1898 ut
1577 1827 1696 1901 oleum
1713 1849 1802 1902 aea-

643 1922 721 2034 pite
745 1915 925 1994 Pontificis
953 1915 997 1990 ad
1023 1939 1134 2014 usque
1162 1917 1287 1992 ultima
1307 1919 1463 1993 membra
1484 1917 1628 1997 defluat.
1683 1921 1802 2001 Uallia

642 2034 763 2110 itaque
791 2011 990 2104 Pontificis,
1030 2035 1060 2088 r.
1076 2021 1185 2089 totius
1212 2016 1336 2109 populi
1363 2015 1399 2090 in
1424 2014 1595 2092 Pontifice
1617 2015 1802 2098 eonsecra-

643 2115 783 2188 tionem
805 2114 841 2186 in
861 2135 999 2208 regnum
1008 2109 1209 2207 sacerdotale
1224 2110 1458 2204 repraesentat.
1510 2136 1544 2190 a.
1569 2115 1687 2192 Oleum
1707 2120 1803 2194 exhi·

643 2211 709 2285 bet
737 2209 904 2303 quicquid
934 2207 977 2281 ad
1004 2207 1175 2302 populum
1195 2207 1457 2284 exhilarandum
1478 2211 1511 2284 dt
1533 2211 1800 2310 glorificandum

642 2303 743 2389 facit
790 2329 826 2400 3.
848 2305 932 2380 Olei
961 2304 1118 2379 defluxus
1137 2306 1236 2395 juata
1258 2303 1371 2379 vestes
1393 2308 1549 2406 expingit
1570 2313 1748 2390 bonorum
1762 2316 1800 2389 il·

644 2402 763 2479 lorum
778 2401 1142 2479 communicationem
1155 2423 1237 2480 cum
1251 2405 1551 2494 omnibus‚etiam
1568 2409 1802 2488 remotiffimia

644 2503 764 2576 eloco
781 2499 965 2576 sacerdotii
975 2551 988 2590 ,
1015 2501 1175 2594 adeoque
1194 2523 1258 2594 per
1273 2501 1469 2580 universam
1486 2519 1627 2583 terram.
1677 2531 1713 2601 4.
1730 2509 1803 2584 De·

641 2601 752 2692 nique
778 2602 888 2676 tacite
909 2597 1126 2688 insinuatur,
1152 2597 1454 2692 Hierosolymam,
1487 2604 1547 2675 ubi
1570 2605 1800 2685 illeconven·

641 2714 700 2774 tus
719 2696 797 2772 duit
826 2699 987 2784 habitus,
1014 2695 1084 2770 else
1112 2696 1252 2772 unicam
1280 2699 1379 2794 regni
1403 2697 1437 2784 δι
1459 2700 1639 2796 religionis
1659 2702 1798 2797 sedern,

511 2823 515 2830 ·
642 2793 807 2882 adeonae
828 2793 1085 2870 observandam
1111 2807 1274 2886 nuquam
1296 2793 1431 2870 causam
1448 2797 1587 2874 unicam
1602 2802 1718 2876 omnis
1736 2803 1800 2878 be·

642 2885 887 2977 aedituum,
924 2911 1041 2985 eoque
1070 2891 1217 2965 nomine
1237 2893 1281 2966 ab
1307 2892 1491 2985 omnibus,
1528 2897 1590 2990 qui
1614 2899 1701 2993 reip.
1725 2899 1817 2974 sibi-¹

649 2988 714 3060 'ue
733 2988 827 3060 bene
845 2986 980 3075 velint,
1013 2983 1084 3060 elle
1106 2987 1240 3062 devote
1261 2987 1475 3080 adeundam3
1510 3013 1591 3068 cum
1613 2995 1735 3072 oleum
1749 2998 1801 3076 in·

642 3007 691 3160 fle
706 3083 750 3159 ad
770 3082 910 3177 quasvis
927 3097 1067 3176 partes,
1092 3085 1199 3160 etiarn
1213 3087 1471 3174 remotiffimas‚
1500 3092 1603 3166 unice
1617 3092 1761 3172 defluat

552 3220 557 3228 ·
693 3178 845 3274 dxlv.
870 3177 1026 3270 Ultima,
1042 3197 1152 3274 eaque
1168 3183 1328 3259 omnium
1346 3183 1584 3280 illustrissima,
1602 3193 1711 3267 totius
1727 3215 1806 3293 reg·
1822 3201 1824 3206 '

644 3280 684 3358 ni
705 3280 852 3357 comitia
872 3275 1058 3355 subfinem
1075 3280 1174 3378 regni
1192 3279 1356 3364 Davidis,
1388 3283 1585 3377 inquibus,
1610 3289 1803 3367 Salomone

644 3377 680 3455 da
709 3377 878 3465 zaunio,
916 3375 1108 3478 inbrago,
1139 3377 1212 3451 lroc
1232 3375 1421 3467 Pontifice‚
1454 3382 1648 3460 solenniter
1668 3387 1803 3480 aneto,

645 3477 922 3573 muneribusque
942 3474 986 3550 ab
1011 3474 1206 3578 Ordinibus
1227 3477 1336 3552 totius
1357 3480 1480 3571 populi
1506 3483 1542 3556 in
1559 3481 1673 3559 sacros
1700 3483 1802 3578 usuri

564 3565 581 3656 q'
646 3569 680 3643 dt
700 3571 843 3668 Templi
856 3572 1194 3664 conbustionem,
1215 3573 1358 3673 largiter
1372 3577 1528 3666 collatis,
1555 3578 1661 3655 solida
1679 3603 1803 3681 perpe.

645 3669 876 3768 tuatunlonis
898 3671 1187 3749 israelitarum&
1210 3671 1423 3766 reliquarum
1446 3675 1602 3754 tribuum
1618 3678 1706 3772 jadra
1720 3683 1801 3758 lunt

643 3759 894 3852 fundamenta,
926 3769 1092 3862 praelata
1114 3787 1256 3861 quoque
1280 3768 1534 3847 benedittinns
1561 3774 1702 3852 Divinae
1722 3801 1804 3874 pro·

642 3854 747 3962 dulia
769 3859 848 3960 liant
872 3862 1084 3956 specimina,
1121 3883 1198 3958 quae
1217 3880 1399 3958 perpetuae
1423 3869 1678 3950 benedistionis
1706 3875 1801 3971 spent

638 3955 867 4062 praebebant:
892 3961 990 4052 haec,
1009 3963 1180 4058 inquam,
1206 3961 1351 4040 comitia
1375 3987 1456 4042 cunr
1480 3968 1596 4044 David
1625 3974 1661 4048 in
1682 3979 1802 4067 priore

637 4053 769 4140 madri
785 4057 1209 4158 parteajueuodiute&
1226 4061 1622 4166 unliuta-celebratior,
1643 4091 1802 4244 nessnon

1664 4189 1685 4244 a
1721 4189 1804 4270 gan·
