3984 5159
309 670 317 681 ,
442 621 515 679 ,n
586 532 953 674 tantm
1027 595 1379 699 enixans-14⁸.
1424 624 1494 707 2³7

327 789 400 867 'else
414 790 620 887 indignum,
649 785 711 879 qui
726 802 897 859 votorum
920 807 1068 878 compos
1087 786 1168 872 flate
1193 792 1281 866 vers.
1306 814 1397 885 ¹45:
1419 794 1492 867 Cla·

333 896 425 963 maol
442 903 506 961 toto
522 887 634 972 corde3
644 881 808 977 ,responde
822 888 902 956 mibi
917 881 1071 980 Jehova!
1082 882 1213 976 statuto
1230 903 1288 962 tua
1306 890 1507 983 custodiam..

334 986 478 1083 (Serio,
493 984 651 1070 sincere,
666 983 700 1051 dt
717 980 852 1053 summo
870 978 985 1053 studio
1001 982 1170 1069 clamavi,
1186 986 1220 1057 ἀ
1236 987 1350 1062 clamo
1366 990 1489 1064 etiams
1587 1000 1588 1005 ’

334 1106 441 1170 num,
467 1097 509 1153 ut
524 1081 631 1160 mihi,
659 1078 816 1169 meisque
840 1077 1037 1166 defideriis,
1064 1078 1213 1167 adnuae,
1240 1104 1417 1178 opemque
1440 1086 1492 1158 fe·

335 1204 410 1267 ras,
443 1199 513 1251 nec
533 1177 607 1249 l'um
627 1176 811 1271 indignus,
851 1174 908 1247 cui
937 1174 1136 1260 succurras,
1169 1198 1250 1251 cum
1278 1178 1405 1254 statuta
1429 1198 1492 1257 tua

335 1277 425 1352 mihi
448 1291 563 1346 ratum
585 1270 762 1362 fixumque
783 1271 825 1343 stt
846 1290 1009 1343 accurate
1028 1272 1218 1346 adtendere
1237 1277 1270 1348 bt
1290 1277 1491 1353 observare.

335 1373 532 1456 clamoris,
551 1384 591 1441 ut
615 1369 778 1454 videtur,
809 1369 990 1441 materiam
1013 1370 1169 1460 praebent
1185 1394 1315 1460 voces,
1342 1373 1490 1467 responde

336 1472 441 1556 mibi,
465 1470 629 1553 observabo
636 1463 767 1559 flatura
784 1478 863 1554 tua,
884 1465 1061 1539 cum'alias
1079 1467 1310 1558 reticeretur,
1326 1473 1409 1563 quid
1424 1474 1490 1545 cta.

340 1581 501 1641 moverit.
968 1580 973 1589 '
1470 1598 1472 1603 ·

388 1668 420 1750 §.
441 1561 564 1733 tritt.
588 1658 774 1758 Secundum
789 1660 894 1754 paulo
904 1658 1087 1754 specialius
1103 1658 1173 1745 est,
1196 1686 1269 1757 quo
1288 1663 1405 1741 Deum
1424 1664 1492 1741 set·

340 1773 501 1833 vatorcm
514 1759 551 1831 &
567 1757 791 1831 liberatorem
802 1760 864 1845 ,ad
879 1757 913 1830 se
927 1763 963 1829 in
978 1754 1068 1831 statu
1083 1758 1250 1833 libertatis
1265 1784 1306 1833 ac
1317 1764 1489 1859 prosperi.

336 1857 423 1930 tatis
444 1854 666 1948 ponendum,
707 1855 906 1943 inclamat,
928 1855 1077 1941 eodem,
1109 1855 1181 1927 aliis
1199 1860 1335 1947 verbis,
1369 1862 1488 1935 addito

334 1950 540 2047 proposito,
574 1948 664 2023 vers.
692 1956 769 2040 146.
795 1950 940 2034 inclamo
966 1967 1017 2040 te,
1036 1950 1228 2045 fervorne,
1256 1954 1299 2038 ἐξ
1315 1955 1496 2049 custodiam,

337 2047 656 2142 infirnslionestuos
679 2046 830 2145 (magno
852 2046 986 2134 studio,
1021 2048 1158 2123 &cum
1179 2048 1323 2139 fiducia,
1358 2057 1488 2147 quippe

340 2146 462 2221 servae
486 2162 568 2219 tuus
589 2162 627 2217 et
651 2146 767 2238 legum
793 2160 931 2222 tuarum
955 2144 1144 2232 studiosus,
1170 2162 1207 2219 te
1221 2150 1361 2224 advoco
1376 2150 1420 2223 set
1429 2172 1491 2225 va·
1556 2226 1557 2231 ,

338 2256 460 2319 torem
482 2258 520 2313 et
542 2256 730 2334 patronum
745 2264 885 2328 meum3
910 2243 1055 2330 dicens,
1078 2240 1198 2325 adsere
1214 2266 1271 2319 me
1289 2249 1325 2321 in
1339 2248 1490 2326 liberum

341 2338 522 2413 felicitatis
540 2339 738 2433 campum.)
803 2335 952 2410 Tertium
972 2340 1080 2434 magis
1106 2340 1218 2411 adhuc
1241 2340 1387 2433 speciale
1406 2346 1487 2435 est,

343 2451 382 2509 et
403 2436 571 2525 majorem
592 2435 754 2509 continet
778 2432 959 2517 fiduciam,
984 2456 1030 2508 ex
1056 2436 1288 2509 meditatione
1306 2440 1489 2530 promillo·
1556 2484 1558 2491 ·

339 2556 421 2607 rum
443 2533 513 2603 Dei
532 2549 761 2624 conceptam,
798 2554 870 2610 ouo
891 2529 1081 2607 citissimam
1103 2532 1368 2622 liberationem,
1401 2556 1489 2611 mox

337 2631 411 2709 hoc
425 2628 500 2721 ipso
523 2630 580 2701 die
599 2629 813 2717 faciendam,
839 2630 1012 2722 implorat,
1039 2626 1179 2723 seseque
1196 2628 1258 2703 sibi
1276 2632 1487 2723 promittere

338 2722 564 2814 testificatum
595 2725 701 2799 instar
724 2727 882 2810 clientis,
908 2727 968 2817 qui
988 2726 1104 2819 primo
1127 2748 1230 2800 mane
1247 2725 1317 2801 sese
1333 2746 1486 2823 patrono

338 2845 422 2897 cum
449 2824 729 2915 quiritationibus
758 2823 825 2895 suis
856 2820 958 2909 sistit,
996 2823 1160 2899 auxilium
1185 2842 1327 2915 petens,
1354 2826 1488 2921 postea·
1602 2854 1604 2861 ’

341 2942 445 3013 quam
468 2923 622 2995 animum
642 2922 685 2995 de
708 2918 814 3005 noble¹
832 2921 903 3009 jam
924 2916 1186 3007 confirmasset,
1212 2924 1305 2997 etde
1319 2926 1413 2999 bona
1430 2950 1488 3019 pa·

338 3016 438 3110 ttoni
457 3039 497 3089 er
519 3040 540 3089 a
559 3015 593 3089 se
617 3020 804 3092 voluntate
824 3016 1016 3091 certiorem
1036 3017 1256 3107 reddidisset,
1289 3022 1377 3093 vers.
1403 3044 1487 3112 147,

309 3147 314 3154 ·
339 3123 421 3203 148.
452 3038 592 3207 Opiclofir
618 3130 778 3209 comporto
799 3117 835 3185 in
856 3115 1014 3204 diluculo,
1055 3113 1271 3211 &quiritem
1304 3116 1406 3214 (stll‘o
1427 3136 1486 3191 me

310 3212 404 3287 tibi
434 3227 585 3304 patrono
623 3232 661 3286 et
688 3211 818 3285 vindici
845 3211 1013 3287 clientem
1041 3212 1240 3306 oppressum
1262 3230 1300 3285 et
1321 3214 1486 3305 quiritan-

339 3326 439 3392 tem,
463 3325 631 3399 tuamque
643 3307 1120 3401 'vindibbam'inplorantem
1152 3330 1344 3401 compareo
1366 3327 1485 3386 autem
1552 3330 1556 3339 “

340 3427 462 3479 coram
487 3422 523 3479 te
538 3402 716 3490 officiose,
739 3423 777 3481 et
791 3408 943 3493 devote,
964 3407 1070 3497 idque
1086 3407 1200 3497 primo
1214 3406 1367 3479 diluculo
1385 3430 1485 3480 auro*
1502 3427 1504 3434 ’

337 3526 409 3589 te,
432 3503 677 3575 liberationem
691 3504 786 3591 cito,
811 3518 850 3575 et
864 3503 931 3573 hoc
948 3503 1023 3595 ipso
1038 3502 1114 3589 die,
1141 3505 1196 3579 net
1213 3520 1396 3592 tempore,
1414 3500 1486 3578 effi.

339 3599 502 3674 ciendam
517 3618 659 3691 petens3
685 3622 765 3675 cum
780 3614 919 3689 tempus
940 3613 1206 3689 opportunum,
1232 3596 1336 3670 instar
1349 3624 1486 3677 aurorae

338 3696 771 3783 etlucis,anteforess1t.
789 3696 865 3770 Hac
882 3696 979 3768 omni
995 3694 1146 3784 emphasi
1164 3696 1341 3770 donandas
1352 3698 1486 3773 censeo
1538 3726 1545 3731 ·

341 3813 471 3878 voces,
502 3794 625 3885 quibus
646 3810 752 3886 poeta
772 3795 893 3867 utitur.
944 3790 1102 3867 Verbum
1120 3796 1240 3885 utiquc
1257 3821 1294 3867 m
1327 3794 1488 3871 absolute
1593 3846 1596 3855 ·

341 3888 493 3985 positum
522 3890 558 3962 in
587 3890 658 3964 Pila.
681 3893 824 3984 proprie
852 3891 939 3964 dicit
965 3897 1179 3984 promittere,
1211 3890 1291 3966 dein
1311 3900 1488 3988 comparere

339 4009 462 4063 coram
494 3987 683 4079 principe,
723 4006 761 4060 et
789 3990 932 4085 gratiam
959 3990 1033 4079 ejus
1056 3987 1262 4078 inplorare,
1301 4012 1365 4083 pro
1387 4012 1487 4065 more

340 4084 588 4177 orientalium,
614 4106 685 4179 quo
706 4084 767 4176 id,
787 4083 968 4181 promitto
991 4106 1161 4181 munere,
1193 4086 1381 4165 faciebant.
1431 4087 1488 4155 De

920 4181 983 4281 Gg
1007 4202 1028 4277 3
1418 4200 1491 4273 quo
