3984 5159
591 560 662 658 sm
767 539 1586 677 coMMaNTdalus

591 733 691 812 scure
705 732 876 826 insinuat,
902 729 988 808 illud
1008 732 1046 808 in
1070 729 1237 820 sinistram
1251 731 1345 807 hanc
1359 743 1495 826 partem
1506 727 1607 824 rapi,
1636 725 1677 802 ἃ
1693 739 1755 806 tra·

591 833 676 910 duci
690 831 808 926 posse,
834 829 901 906 acsr
916 829 989 926 ipse
1008 831 1091 906 Deo
1107 832 1279 907 nuncium
1298 825 1461 918 misrffet,
1485 829 1613 918 &ejus
1629 825 1750 900 lavore

592 932 628 1006 dt
648 927 754 1004 durau
770 933 806 1006 in
821 927 1001 1024 posterum
1015 925 1112 1003 soret
1125 929 1245 1003 orbus.
1296 923 1406 1037 Quod
1423 927 1531 1002 etiam
1545 923 1670 1019 specie
1685 945 1749 998 nou

590 1030 762 1116 carebat,
795 1048 879 1101 cum
909 1024 980 1124 Dei
1008 1024 1211 1102 favorabilis
1242 1023 1428 1119 presentia
1449 1046 1520 1100 una
1544 1042 1633 1096 cum
1657 1022 1748 1096 culm

591 1129 667 1220 ejus
692 1121 895 1198 censeretur
917 1140 1021 1196 terrae
1041 1123 1222 1198 Cananaeae
1238 1120 1400 1218 adligata
1450 1119 1537 1218 Quo
1551 1118 1688 1194 diserte
1703 1142 1749 1191 ra·

591 1221 735 1315 spicitur
757 1241 773 1292 1
792 1220 885 1294 Sam.
901 1239 997 1293 xxvr:
1017 1241 1072 1314 19.
1094 1221 1177 1294 loco
1191 1219 1301 1293 modo
1318 1219 1452 1307 citato,
1477 1239 1546 1292 nec
1563 1238 1644 1291 non
1660 1215 1748 1312 quod

584 1317 698 1414 Jonas
720 1337 741 1388 a
755 1312 850 1408 facie
867 1314 936 1390 Dei
958 1315 1096 1391 dicatur
1116 1316 1338 1413 aufugiturus
1360 1316 1398 1388 in
1418 1336 1501 1387 oras
1521 1315 1747 1410 peregrinas,

582 1413 675 1512 Jon.
696 1433 727 1488 1.
743 1435 788 1488 ne
803 1413 904 1506 plura
917 1435 1108 1511 congeram
1123 1417 1160 1490 in
1175 1425 1326 1487 renota.
1349 1434 1378 1485 t.
1392 1409 1561 1504 Denique
1576 1411 1746 1502 declarat,

590 1510 655 1586 srbi
677 1510 784 1608 longe
811 1511 913 1586 aliam
935 1511 1058 1586 sedere
1083 1524 1268 1598 mentem,
1291 1506 1640 1601 &persuasissimum
1664 1509 1745 1598 elie,

588 1607 708 1684 Deum
710 1607 839 1704 spiritu
853 1607 887 1684 δι
893 1605 988 1700 fatie
1003 1605 1062 1682 sua
1078 1601 1138 1682 libi
1153 1606 1380 1694 adfuturum,
1391 1627 1615 1698 quocunque
1626 1607 1744 1695 iverit,

590 1705 627 1795 dt
646 1705 850 1804 aufugerit,
874 1703 1038 1796 adeoque
1061 1726 1129 1778 nec
1152 1727 1172 1778 a
1187 1701 1257 1778 fiae
1273 1701 1308 1775 o
1325 1704 1458 1795 pietate
1472 1707 1521 1776 ea'
1531 1705 1681 1778 ratione
1694 1705 1749 1776 do

590 1800 759 1894 sciscere,
792 1824 860 1877 nec
894 1823 1058 1876 metuere
1083 1802 1320 1897 privationem
1347 1798 1420 1873 Dei
1443 1821 1537 1873 curae
1561 1823 1607 1873 ae
1629 1799 1744 1876 dubius

589 1899 882 1998 perspiritum&
900 1896 1026 1992 faciem
1048 1897 1155 1974 suam.
1180 1895 1289 1973 Conf.
1311 1893 1371 1970 Ps.-
1385 1917 1490 1971 xxm:
1512 1919 1550 1988 4.
1604 1897 1746 1992 Erana

585 2003 710 2087 ,iverim
734 2006 771 2073 in
790 1999 917 2071 uallem
934 1999 1054 2070 umbro
1073 2000 1214 2084 mortis,
1238 2017 1303 2066 non
1319 1996 1431 2067 timebo
1445 1997 1591 2084 malurn,
1620 2003 1745 2092 quiam

589 2117 733 2260 uberum,
745 2094 916 2264 fusilem
938 2107 1031 2169 tuum
1050 2085 1094 2178 θ
1103 2092 1209 2190 scipio
1230 2115 1280 2166 me
1301 2085 1560 2185 consolabuntur.
1623 2091 1745 2194 Qualia

591 2209 613 2260 u
640 2211 721 2284 rque
738 2199 804 2284 pro
854 2206 908 2266 nt.

639 2289 671 2376 ς.
688 2283 803 2361 XVll.
853 2293 890 2376 β.
904 2287 945 2364 ln
960 2287 1170 2367 deduuione
1187 2287 1436 2388 propositionis
1450 2309 1515 2384 per
1529 2291 1656 2368 omnia
1669 2291 1739 2366 uui·

494 2479 500 2489 ἡ
588 2383 681 2459 verfi
701 2385 802 2481 loca,
834 2386 870 2460 dt
889 2387 1008 2463 varios
1027 2387 1156 2479 status,
1178 2388 1230 2479 it,
1259 2387 1294 2461 a
1313 2387 1434 2464 Deum
1456 2409 1499 2462 ea
1524 2390 1671 2465 ratione
1682 2381 1745 2462 irbi

503 2494 511 2511 “
587 2483 720 2576 ubique
745 2484 826 2561 fore
851 2486 1061 2582 praesentem
1079 2483 1288 2580 profitetur3
1320 2508 1393 2579 quo
1415 2481 1498 2558 fidei
1519 2485 1556 2558 &
1575 2485 1655 2582 spei
1681 2487 1746 2561 sua

587 2577 804 2660 luculentam
821 2581 922 2660 srmul
937 2582 1012 2657 edit
1025 2581 1298 2673 confeffionem,
1323 2582 1422 2659 omni
1436 2583 1748 2660 animadversione

587 2676 757 2774 dignam
795 2704 870 2757 non
895 2683 1017 2775 itaque
1045 2679 1202 2757 oratorio
1229 2679 1319 2774 stylo
1348 2682 1383 2755 dt
1411 2679 1672 2776 hyperbolico,
1702 2695 1746 2758 ut

585 2775 699 2868 accipi
727 2777 834 2868 solet,
858 2778 1037 2872 loquitur,
1069 2773 1253 2854 sedfidem
1276 2776 1428 2870 &spem
1451 2777 1679 2873 simpliciter,
1707 2795 1747 2856 at

585 2871 812 2963 emphatice,
837 2877 1027 2968 exprimit:
1059 2892 1099 2950 ut
1122 2874 1267 2949 docebit
1286 2873 1462 2950 tartaro.
1511 2899 1542 2950 a
1567 2877 1704 2972 Incipit
1727 2899 1748 2952 a

583 2969 666 3042 coelo
688 2965 877 3060 &inferis,
901 2971 1015 3045 altero
1036 2972 1213 3046 beatitatis
1238 2971 1616 3065 consummatam,
1641 2980 1749 3048 alem

582 3065 779 3141 animarum
794 3068 1036 3160 acorporibus
1047 3066 1302 3162 separatarum,
1328 3085 1369 3144 ut
1384 3071 1493 3168 vulgo
1505 3072 1749 3163 credebatur,

581 3165 813 3259 receptaculo
827 3163 996 3260 usquead
1013 3164 1358 3243 consummationem
1373 3169 1558 3258 omnium,
1581 3169 1619 3244 dt
1633 3169 1751 3255 fidem

506 3351 515 3362 ι
580 3283 624 3340 ac
648 3261 744 3361 spem
766 3257 862 3338 suam
886 3263 923 3338 in
946 3261 1021 3336 haec
1043 3265 1155 3338 verba
1174 3263 1351 3352 declarat,
1385 3262 1476 3338 vers.
1501 3267 1535 3339 8.
1561 3264 1751 3342 Sicorim

580 3382 632 3436 nte
663 3360 868 3436 consedendo
897 3361 1067 3456 adelgero,
1102 3363 1149 3434 ibi
1170 3373 1209 3432 tu
1232 3381 1289 3451 es,
1313 3357 1405 3456 seque
1419 3359 1573 3456 strauere
1594 3361 1749 3456 inferos,

461 3501 464 3505 J
549 3502 552 3508 ,
580 3464 722 3533 eccere!
748 3458 783 3534 h.
801 3479 835 3534 e.
889 3455 999 3560 Quod
1022 3455 1046 3531 u
1069 3469 1132 3532 aut
1148 3457 1258 3538 ,coelo
1283 3457 1369 3534 milu'
1389 3461 1584 3560 contigerit
1606 3461 1749 3553 adseri,

507 3645 510 3650 Α
580 3569 644 3629 aut
664 3555 756 3650 apud
775 3555 909 3633 inferos
932 3555 1143 3632 recumbere
1156 3556 1325 3647 debeam,
1361 3556 1454 3650 quod
1469 3573 1662 3652 utrumque
1678 3561 1749 3636 mi·

580 3645 619 3718 hi
641 3654 809 3742 eveniet,
833 3667 935 3730 certo
948 3649 1238 3748 persuasus'sum,
1262 3655 1453 3747 utrobique
1468 3653 1526 3728 Te
1545 3655 1750 3754 cumspirt·

581 3755 622 3815 tu
642 3745 676 3816 a
690 3744 785 3835 facie
799 3765 858 3824 tua
872 3749 960 3826 mihi
972 3749 1200 3838 adfuturum,
1225 3772 1297 3845 quo
1311 3749 1387 3824 solo
1404 3751 1511 3827 etiam
1525 3753 1574 3826 ibi
1588 3752 1749 3828 delecta-

582 3841 634 3929 ri,
650 3839 838 3922 &beatum
855 3869 914 3924 me
930 3844 1098 3937 censere,
1123 3847 1271 3942 polium.
1302 3847 1408 3924 Plane
1425 3845 1513 3923 ficut
1536 3849 1589 3925 Ps.
1607 3873 1749 3928 txmr:

581 3957 656 4030 25-·
706 3936 793 4135 auis
814 3948 894 4018 mibi
911 3948 949 4018 in
961 3947 1083 4018 coelis?
1108 3959 1139 4019 et
1153 3959 1256 4021 tecum
1269 3949 1355 4020 nibil
1373 3949 1489 4042 volupe
1504 3950 1599 4022 babeo
1618 3953 1654 4022 in
1670 3961 1751 4020 ter·

578 4063 639 4114 ro:
662 4031 718 4111 Ab
732 4051 822 4110 umta
836 4037 885 4132 fit
900 4050 974 4117 ra‘ro
988 4065 1079 4137 mea,·
1106 4057 1158 4138 et,
1187 4043 1244 4122 vel
1258 4057 1316 4135 ot,
1340 4066 1511 4120 cormeum
1528 4045 1628 4139 quod
1649 4043 1750 4118 adti-

609 4189 615 4196 -
863 4207 867 4214 ,
1646 4156 1748 4231 net,
