3984 5159
499 529 1587 676 ‚ur‘c'omuuuxanius

474 764 479 779 ‘
602 783 734 858 quens,
755 757 881 855 sponte
898 755 957 832 sua
970 753 1052 830 inde
1070 750 1142 828 sese
1156 751 1336 843 offerens3
1357 755 1423 829 acsi
1437 755 1619 834 dixifi'ent:
1635 755 1681 832 ad
1694 757 1762 833 fiu-

603 865 681 934 vlos
702 858 838 932 Babelis
860 855 1010 929 sedimus
1032 852 1215 949 lugentes,
1248 853 1388 927 citharis
1409 855 1598 949 suspenfis,
1627 857 1685 928 vel
1699 859 1760 929 ab·

602 957 745 1043 dicatis,
770 975 839 1028 nec
860 951 1095 1043 aBabyloniis
1111 971 1178 1023 nos
1194 948 1238 1021 ad
1254 951 1390 1023 cantica
1402 951 1438 1023 Τ
1438 949 1543 1026 fionis
1558 953 1637 1027 laeta
1650 952 1759 1026 addu-

603 1054 636 1128 ci
661 1051 742 1147 pafil
765 1049 903 1137 sumus;
937 1066 1065 1121 verum
1084 1048 1122 1122 in
1143 1043 1239 1120 ludin
1261 1044 1396 1121 solenni
1416 1047 1622 1123 constanter
1637 1071 1758 1144 perre.

601 1152 738 1236 ximus3
765 1147 937 1238 nobisque
959 1143 1117 1219 invicem
1141 1142 1309 1231 diximus,
1342 1147 1490 1240 quomodo
1512 1151 1639 1218 cantica
1655 1144 1758 1319 m·

603 1269 657 1318 ue
677 1262 862 1317 caneremus
881 1248 917 1313 iu
941 1254 1032 1313 terra
1047 1243 1250 1337 peregriua?
1272 1242 1367 1333 quod
1389 1242 1439 1313 illi
1455 1243 1592 1316 anobis
1607 1265 1658 1334 po
1755 1331 1760 1338 Ι

448 1383 453 1391 ·
602 1357 713 1431 runt,
737 1337 920 1433 quomodo
942 1360 1016 1412 non
1041 1359 1268 1507 pergeremus
1281 1339 1319 1410 in
1335 1336 1472 1411 solenni
1488 1337 1610 1412 luetur
1635 1341 1691 1414 uti
1708 1339 1760 1412 se

603 1442 737 1527 cimus,
761 1457 871 1532 quum
883 1435 969 1510 illud
982 1433 1086 1509 statui
1148 1431 1338 1508 adfefiioni
1358 1432 1484 1509 nostrae
1497 1437 1603 1532 longe
1619 1435 1662 1510 fit
1675 1459 1759 1512 con

602 1533 816 1612 venientius.
867 1531 921 1606 Ex
943 1531 1067 1624 quibus
1083 1533 1249 1604 omnibus
1262 1529 1484 1606 manifestum
1502 1530 1576 1620 est,
1602 1533 1685 1608 illos
1702 1535 1759 1608 ab

603 1655 744 1720 errare,
777 1629 839 1724 qui
866 1629 970 1704 nimis
995 1623 1265 1719 superstitiosam
1286 1629 1493 1721 opinionem
1514 1627 1679 1704 exulibus
1700 1632 1759 1708 hic
1863 1632 1864 1703 i

603 1731 828 1817 adtribuunt,
850 1723 914 1801 acfi
930 1728 1059 1796 cantica
1074 1719 1211 1822 Jelove
1229 1723 1266 1796 in
1280 1745 1411 1821 genere
1429 1747 1503 1800 non
1516 1727 1644 1801 liceret
1657 1733 1768 1804 metul

603 1826 813 1926 pollutionis
827 1841 955 1897 canere
969 1823 1007 1896 in
1023 1833 1118 1896 terra
1130 1819 1333 1918 peregrina:
1356 1823 1529 1918 cujushic
1542 1825 1683 1902 nullum
1696 1848 1755 1906 oc·

603 1927 716 2002 currit
732 1923 912 1998 indicium.
1298 1993 1302 2000 .

651 2029 684 2115 §.
699 2019 793 2095 Xlll.
849 2047 878 2094 ι.
903 2012 1135 2092 Certillimum
1155 2013 1253 2090 suum
1272 2013 1490 2112 propositum
1504 2016 1646 2094 Tsronis
1661 2023 1756 2096 cele·

601 2119 745 2194 brandae
764 2116 802 2189 in
822 2115 932 2190 exilio
954 2115 1084 2188 summa
1097 2135 1178 2188 cum
1192 2111 1457 2190 adseveratione
1474 2114 1597 2212 singuli
1611 2119 1756 2212 piorum

603 2226 838 2308 expromunt,
864 2214 899 2286 dr
912 2211 1119 2285 desiderium
1133 2207 1445 2307 flagrantissimum,
1471 2234 1552 2288 cum
1568 2216 1662 2288 bene
1675 2215 1754 2291 sun·

604 2310 685 2387 data
705 2309 764 2406 spe
786 2307 1036 2402 conjunctum,
1068 2306 1207 2384 Tfionis
1229 2307 1409 2399 videndae,
1434 2331 1555 2384 coram
1572 2310 1732 2388 fruenda
1742 2323 1760 2407 ,'

604 2410 641 2486 dr
660 2408 841 2508 religionis
863 2406 914 2479 'ibi
930 2403 1138 2480 exercenda
1153 2405 1359 2498 aliquando,
1385 2406 1585 2494 declarant,
1609 2410 1703 2484 vers.
1719 2431 1757 2505 5,

604 2510 664 2598 6.,
684 2514 778 2603 prius
799 2505 887 2579 vers
915 2525 947 2596 5.
963 2499 1120 2600 posterius
1134 2501 1223 2577 vers.
1239 2504 1274 2576 6.
1324 2499 1427 2576 Prius
1447 2505 1521 2577 haec
1535 2505 1646 2580 verba
1659 2529 1759 2584 com·

598 2605 848 2700 prehendunt,
873 2601 965 2676 vers.
987 2619 1022 2691 5.
1049 2597 1087 2671 Si
1100 2602 1289 2692 ,obtiviscar
1310 2606 1384 2690 tui,
1410 2597 1655 2697 Hierofhlyma!
1680 2609 1755 2679 olli·

604 2707 752 2775 piscetur
774 2701 889 2774 anima
919 2719 999 2773 mea
1030 2697 1155 2768 dextre
1179 2719 1276 2772 meae.
1299 2696 1334 2771 h.
1357 2717 1390 2770 e.
1413 2711 1554 2772 tantum
1569 2699 1686 2790 abest,
1710 2717 1751 2778 ut

602 2819 757 2889 unquam
784 2795 959 2869 dimoveri
989 2791 1161 2869 aTfione
1190 2792 1228 2866 in
1253 2790 1348 2868 lusu
1364 2797 1755 2889 commemorandus

604 2892 747 2967 adleta
769 2894 907 2964 cantica
926 2889 961 2964 T
962 2889 1064 2964 sionis
1085 2889 1123 2963 in
1139 2890 1247 2963 exilio
1264 2889 1443 2980 canenda,
1467 2894 1654 2992 insignum
1667 2899 1755 2972 obli·
1861 2941 1862 2944 κ

603 2990 722 3064 vionis
744 2985 904 3076 Tfionis,
936 2984 1062 3059 adduci
1082 2985 1274 3078 patiamur,
1299 3003 1339 3064 ut
1363 2989 1409 3062 fin
1436 2991 1483 3064 uli
1499 2990 1661 3068 nostrum
1675 3015 1755 3089 pro·

601 3085 697 3166 fiteri
711 3086 884 3176 audeant,
898 3083 961 3158 fibi
977 3101 1076 3176 aque
1089 3081 1293 3178 impossibile
1308 3083 1378 3158 esse
1427 3085 1530 3162 fionis
1545 3093 1754 3171 memoriam
1846 3153 1851 3162 .

603 3187 806 3283 deponere,
830 3205 871 3256 ac
891 3183 1022 3257 dextrae
1045 3176 1134 3269 suae,
1166 3193 1236 3254 tam
1260 3203 1349 3256 carae
1369 3183 1546 3281 &propin
1571 3209 1647 3278 uae,
1673 3211 1753 3284 quo„

603 3307 673 3380 que
696 3281 821 3358 Tfioni
841 3280 1095 3355 sacramentum
1118 3275 1303 3368 dixerunt,
1328 3275 1501 3357 oblivisci.
1549 3209 1641 3451 {ua
1657 3309 1753 3380 para.

601 3381 731 3476 phrasis
747 3379 837 3457 ficut
849 3399 1000 3470 nexum,
1025 3375 1074 3450 ita
1087 3371 1246 3466 sensum,
1261 3395 1342 3450 cum
1357 3376 1393 3450 in
1412 3379 1493 3452 luce
1506 3399 1555 3472 po
1572 3381 1686 3472 uerit,
1704 3387 1752 3460 ni.

603 3479 657 3552 hil
671 3479 708 3552 su
735 3478 846 3569 erest,
871 3499 976 3575 quam
996 3491 1039 3550 ut
1059 3469 1194 3548 sensum
1218 3473 1560 3551 everbiseruamus.
1608 3475 1701 3555 Cum
1715 3485 1752 3558 in

604 3572 689 3670 ling.
706 3505 820 3651 sermo
834 3573 914 3665 fiat,
939 3572 1108 3649 indicium
1121 3567 1191 3660 est,
1216 3569 1366 3667 singulos
1380 3569 1413 3644 se
1432 3573 1480 3646 ita
1492 3567 1665 3650 animatos
1683 3579 1751 3654 esse

603 3667 779 3765 profiteri.
812 3670 903 3770 Quae
914 3672 1005 3746 ratio
1020 3668 1103 3764 fing.
1118 3688 1217 3741 num.
1231 3668 1378 3742 adhibiti
1394 3668 1497 3763 plane
1512 3667 1658 3763 sufficit;
1682 3679 1754 3753 abs·
1816 3755 1822 3768 ,

605 3785 676 3860 que
690 3780 731 3840 ut
751 3767 849 3839 aliam
871 3765 1044 3865 fingamus
1058 3761 1241 3857 personam
1257 3767 1475 3860 loquentem.
1527 3766 1637 3937 (ἰυοά
1651 3789 1752 3848 antea

605 3862 844 3936 communiter
859 3885 957 3941 num.
972 3861 1064 3956 plur.
1080 3857 1263 3950 dixerant,
1287 3862 1374 3936 illud
1388 3885 1504 3953 nunc,
1526 3885 1549 3938 u
1575 3867 1752 3963 ipropofi.

604 3955 705 4034 sisui
725 3953 928 4034 firmitatem
953 3972 1168 4054 exponunt,
1210 3957 1349 4057 lingulis
1371 3959 1465 4033 retie
1489 3963 1526 4034 in
1549 3981 1613 4034 ore
1636 3967 1748 4042 datur.

599 4059 725 4140 Sermo
741 4069 915 4153 praeterea
927 4058 970 4131 ad
983 4055 1093 4152 ipsam
1109 4055 1261 4136 vertitur
1275 4055 1580 4154 Hierosolymam,
1596 4063 1748 4235 aelfegus

772 4185 775 4191 '
1624 4177 1662 4242 te
1711 4185 1748 4238 n·
