3984 5159
420 572 425 579 ¹
534 410 624 569 '2⁴32
726 434 1717 579 commentaturus..

554 638 627 742 cit,
644 628 765 745 super,
785 662 827 722 ut
843 647 924 721 alias
949 645 1061 731 solet,
1094 643 1152 725 se'd
1170 648 1212 717 in
1230 644 1333 719 servo
1348 597 1424 716 tuo.
1474 638 1719 738 Quamperso-

476 746 481 759 '
558 772 641 862 nam
656 762 696 818 ut
717 746 822 842 digne
841 760 965 925 ἔθνει,
991 740 1164 856 supplicat
1183 743 1328 839 gratiam
1345 736 1724 860 illurninantemdtad·¹
1783 792 1786 797 .

552 858 772 940 juvantem,
819 865 839 917 a
894 839 1024 915 statua
1048 838 1128 915 Der.
1149 838 1243 925 reihe
1273 835 1519 935 cognoscenda
1547 835 1721 908 &obier-

564 943 778 1129 vagum
823 1008 1011 1124 Terminat
1042 1035 1276 1129 pericopam,
1314 1056 1391 1127 quae
1413 1036 1514 1105 tertia
1540 1032 1614 1124 ejus
1642 1050 1721 1123 pars

418 1221 422 1230 ¹
516 1200 522 1211 .
566 1135 641 1224 est,
666 1136 705 1207 in
718 1132 860 1207 summae
879 1136 946 1207 suae
965 1131 1114 1207 tristitiae
1137 1146 1284 1225 propter
1301 1128 1722 1225 publicem&contuma-
1842 1177 1847 1189 ·

552 1254 646 1314 ,cem
668 1232 754 1326 legis
777 1229 918 1304 Divinae
942 1226 1173 1304 violationem
1198 1229 1457 1317 declaratione,
1490 1248 1536 1300 eo
1559 1246 1633 1299 non
1649 1240 1735 1300 tam·

567 1346 647 1403 tum
661 1325 793 1421 scopo,
826 1342 866 1401 ut
888 1326 1094 1423 flagrantem
1112 1330 1211 1399 litum
1225 1346 1309 1421 erga
1325 1326 1439 1423 legem
1458 1322 1527 1396 Dei
1549 1321 1722 1398 adfectum

568 1428 608 1501 in
623 1446 755 1522 genere
777 1425 1018 1519 exprimeret,
1038 1424 1147 1497 sedin
1157 1423 1271 1519 specie
1288 1422 1407 1496 Deum
1425 1422 1467 1495 ad
1480 1422 1652 1513 judicium
1668 1440 1726 1493 ex·

492 1595 495 1599 s
572 1523 790 1612 ercendum,
814 1546 888 1618 quo
911 1521 1028 1596 hostes
1053 1524 1196 1615 puniat,
1224 1520 1312 1593 &se
1335 1521 1513 1607 vindicet,
1540 1538 1726 1610 permove·
1768 1576 1771 1585 .

570 1637 650 1711 ret,
676 1642 722 1693 ex
742 1622 1023 1696 confideretione
1041 1618 1213 1711 temporis
1228 1616 1492 1711 corruptislimi,
1518 1638 1538 1702 a
1554 1616 1638 1690 Deo
1651 1637 1726 1689 non

460 1756 463 1761 ·
574 1718 722 1813 amplius
746 1717 909 1812 ferendi,
933 1738 1006 1809 quo
1033 1738 1097 1809 per
1119 1711 1234 1785 hostes
1249 1711 1375 1803 fiebat,
1401 1732 1441 1789 ut
1455 1715 1510 1788 lex
1528 1713 1599 1789 Dei
1614 1714 1728 1805 jaceat

413 1846 423 1865 ·
575 1816 840 1904 contemtui&
862 1814 913 1907 pii
931 1813 1063 1889 summa
1082 1808 1217 1887 tristitia
1241 1828 1430 1905 propterea
1455 1808 1526 1885 sese
1544 1810 1707 1907 adfligant
1716 1830 1732 1902 ,·

574 1912 650 2010 ipst
672 1911 832 2002 inprimis
853 1906 924 1983 sese
947 1927 1162 1994 maceraret,
1189 1922 1288 1981 totus
1301 1908 1531 1983 inflammatus
1554 1906 1670 1983 studio
1683 1910 1732 1981 le·

540 2050 542 2054 ·
576 2029 660 2108 gem
685 2008 757 2081 Dei
777 2004 1017 2094 instaurandi,
1056 2026 1170 2098 eoque
1193 2006 1299 2103 etiam
1318 2006 1466 2081 nomine
1488 2006 1634 2102 dignus,
1673 2005 1732 2100 qui
1763 2033 1769 2052 ·

577 2108 685 2200 plena
707 2104 845 2175 fruatur
868 2102 1033 2175 libertate
1056 2100 1090 2173 δι
1114 2099 1366 2196 prosperitate,
1398 2118 1439 2176 ut
1460 2102 1545 2178 illud
1565 2124 1645 2180 cum
1660 2102 1733 2177 sue·
1772 2160 1775 2166 .

580 2198 678 2275 sessu
701 2194 842 2271 efficere
866 2196 981 2294 potiit.
1032 2196 1153 2272 Verba
1171 2199 1219 2273 ita
1234 2200 1384 2289 habent,
1410 2198 1501 2273 vers.
1521 2204 1600 2293 136.
1627 2198 1734 2275 Rioos
1882 2238 1884 2285 ι

580 2318 741 2395 uquarum
763 2298 894 2371 inirent
917 2297 1075 2373 lavatum
1096 2312 1221 2371 euntes
1244 2302 1329 2371 oculi
1353 2302 1416 2369 mei
1427 2346 1439 2385 ,
1468 2312 1639 2392 propterea
1656 2298 1737 2395 quoti
1882 2290 1885 2353 l

580 2401 684 2493 legem
706 2410 797 2469 tuam
813 2416 876 2468 non
892 2392 1087 2488 custodiunt.
1120 2393 1218 2467 Nihil
1233 2392 1289 2466 hic
1305 2392 1474 2485 difficilis,
1489 2393 1552 2467 nill
1566 2395 1602 2469 in
1617 2398 1739 2489 priore

583 2497 769 2572 membro:
794 2490 854 2565 sed
876 2491 1056 2587 quodiam
1070 2490 1253 2585 expedivit
1269 2490 1323 2567 (ΣΙ.
1343 2491 1529 2566 Schultens
1547 2514 1586 2583 o,
1612 2494 1670 2583 qui
1692 2514 1741 2576 ex

582 2593 686 2667 verbi
707 2619 755 2666 w
776 2605 931 2687 aquatum
954 2588 1135 2686 descendere
1159 2586 1354 2683 potestate,
1374 2610 1415 2661 ac
1430 2588 1566 2663 solenni
1578 2586 1740 2673 Arabum

584 2683 779 2773 structura,
814 2692 926 2759 oculus
944 2702 1101 2780 aquatum
1122 2684 1278 2782 descendit
1293 2692 1328 2760 in
1338 2682 1479 2781 fletum,
1504 2709 1570 2781 pro
1582 2706 1626 2759 eo
1644 2684 1745 2780 quod
1797 2746 1801 2759 .

585 2782 726 2952 Etenim
745 2780 916 2869 effertur,
954 2784 1070 2856 multo
1100 2782 1245 2859 flumine
1276 2806 1444 2877 aquarum
1475 2806 1538 2879 ore
1569 2803 1744 2882 genasque

617 2876 816 2968 umeiiare,
846 2878 1079 2971 lacrymarum
1099 2881 1213 2954 veluti
1241 2881 1325 2955 rivis
1346 2903 1387 2954 ac
1416 2882 1585 2955 imbribus
1617 2882 1754 2957 iumen·

362 2946 366 2953 ¹
435 2967 463 3033 ἔ
587 2972 666 3050 sum
691 2974 820 3065 lavari,
850 2974 1012 3051 nostrum
1032 2978 1150 3051 locum
1172 2980 1207 3053 δι
1227 2978 1346 3054 similia
1366 2979 1431 3052 alia
1453 2978 1651 3054 luculenter
1670 2980 1746 3055 illu·

588 3071 726 3149 stravit.
776 3071 935 3147 Tantum
953 3071 1189 3163 observetur,
1214 3076 1348 3170 phrasin
1372 3075 1410 3149 in
1427 3074 1622 3170 posteriore
1637 3098 1746 3154 mem·

594 3173 664 3247 bro
678 3165 907 3266 transmeare,
933 3168 1004 3243 else
1016 3170 1212 3263 emphatice
1228 3194 1295 3267 pro
1309 3172 1395 3247 nihil
1410 3175 1525 3250 minus
1540 3196 1643 3267 quam
1656 3174 1748 3264 hoc,

490 3294 494 3302 ·
589 3268 652 3343 sed
667 3267 782 3363 palam
797 3268 951 3359 violare,
983 3267 1018 3340 dc
1036 3266 1244 3364 infringere,
1267 3271 1320 3349 uti
1334 3268 1426 3346 vers.
1443 3276 1521 3347 126.
1541 3272 1747 3360 habuimus,

590 3365 664 3465 else
680 3364 904 3441 sumendam:
937 3365 1035 3459 quod
1059 3364 1136 3441 satis
1158 3363 1353 3458 usitatum,
1394 3366 1528 3443 &alibi
1545 3391 1590 3443 ex
1606 3370 1747 3443 voculae
1806 3422 1809 3427 -

512 3524 517 3533 .
594 3471 719 3539 rhum
746 3486 815 3558 pro
844 3467 929 3537 nibil
958 3470 1069 3538 minus
1101 3464 1163 3540 usu
1190 3462 1414 3541 observatum
1436 3462 1498 3540 est.
1562 3466 1621 3539 De
1639 3465 1760 3558 scopo·

594 3562 789 3635 vorborum
815 3583 897 3636 cum
921 3562 1032 3636 modo
1053 3564 1224 3647 dixerim,
1257 3562 1343 3637 nihil
1366 3562 1479 3653 addo,
1511 3562 1640 3638 nisiad
1659 3562 1761 3638 dieta

595 3655 796 3731 illustranda
808 3659 1048 3733 conferendos
1062 3659 1132 3737 elle
1150 3658 1290 3749 versus,
1317 3662 1406 3734 vers.
1426 3665 1631 3739 red-128.

557 3787 561 3793 ·
611 3831 616 3840 ,
648 3756 680 3841 §.
697 3750 824 3827 LXVI.
851 3756 1108 3829 Decimooslava
1138 3757 1305 3851 pericopa
1335 3758 1425 3833 vers.
1455 3780 1660 3854 137—145.
1688 3780 1751 3833 ve·

593 3872 640 3942 to
654 3848 717 3925 suo
730 3850 940 3947 conspeetu,
965 3852 1367 3951 minutissimorum,
1392 3854 1545 3955 speciem
1561 3858 1668 3935 habet
1683 3858 1765 3949 piae·

589 3993 598 4007 ‘
797 4048 800 4054 Ι
846 3984 849 3998 ¹
1083 3999 1088 4023 ι
1570 4024 1573 4031 ,
1639 3974 1751 4049 expo'

640 4062 779 4150 eOrig,
803 4061 864 4130 lib.
887 4082 916 4134 1.
941 4085 970 4139 c.
993 4074 1032 4144 6,
1693 4114 1698 4123 .
1744 4060 1753 4082 ‘
