3984 5159
570 517 640 608 sq
743 491 1566 588 couuuurnnrus

562 728 659 794 ἠοη,
694 701 755 776 vel
784 684 964 792 nunquam
997 694 1035 769 in
1065 705 1307 787 perpetuum,
1340 684 1518 764 obliviscar
1529 684 1729 801 statutorum

577 820 725 890 sumum,
763 802 841 895 qula
863 810 924 891 per
949 816 987 867 ea
1014 816 1063 865 me
1092 786 1274 882 uivislcasti
1299 788 1429 886 (talem
1449 788 1729 865 consolationem

576 922 659 976 cum
679 921 698 971 a
721 895 779 969 Te
802 914 873 987 ope
894 890 1107 965 statutorum
1134 904 1278 961 tuorum
1292 883 1410 959 nadlus
1427 884 1577 975 fuerim,
1603 904 1729 963 eorum
1756 898 1759 903 ’

578 997 716 1073 oblivio
736 1012 794 1065 me
815 1010 993 1084 nunquam
1014 986 1152 1079 capiet,
1177 982 1236 1056 sed
1256 1003 1297 1054 ea
1316 982 1403 1057 milri
1417 980 1555 1077 semper
1570 982 1731 1056 obversa·

567 1096 736 1179 buntur,
769 1088 879 1180 iisque
903 1082 1112 1161 meditandis
1134 1081 1168 1155 u
1190 1076 1417 1155 observandis
1437 1102 1496 1154 me
1519 1096 1731 1175 occupatum

581 1191 726 1265 tenebo

630 1291 662 1375 §.
679 1187 807 1357 xssvl.
839 1276 952 1353 Tertia
979 1299 1058 1373 pars
1088 1298 1212 1372 preces
1235 1297 1305 1370 pro
1325 1274 1537 1350 liberatione
1558 1276 1602 1350 ab
1622 1274 1735 1373 inpio·

582 1406 664 1457 rum
698 1377 982 1457 infestationibus
1009 1375 1307 1469 comprehendit,
1346 1374 1384 1448 in
1410 1374 1581 1446 relatione
1608 1373 1666 1447 sua
1693 1373 1735 1447 ad

582 1479 725 1569 Deum,
750 1480 786 1552 ἃ
808 1476 891 1573 legis
912 1471 1048 1562 studio,
1071 1472 1255 1557 fundatas,
1282 1471 1371 1544 vers.
1388 1490 1447 1559 94,
1471 1491 1528 1564 95.
1562 1467 1733 1565 Tuursum

572 1571 966 1769 transitu
991 1568 1216 1763 trun
1230 1568 1737 1760 {remitterat

955 1717 967 1756 5

587 1792 668 1848 tuus
689 1769 785 1856 sum,
810 1769 870 1861 qui
892 1762 1077 1858 personam
1101 1764 1193 1838 illam
1219 1759 1313 1837 recle
1329 1779 1471 1851 tuetur,
1498 1762 1639 1855 seseque
1655 1763 1737 1835 libe-

585 1872 725 1944 ratione
748 1882 811 1941 tua
830 1884 904 1936 non
927 1859 1111 1955 indignum
1144 1858 1303 1957 praestat)
1331 1882 1380 1933 me
1404 1858 1490 1931 retra
1508 1872 1626 1954 petunt
1649 1863 1741 1956 impii

589 1965 707 2062 (quod
731 1962 789 2033 hic
811 1958 863 2032 est
884 1984 956 2067 rip,
993 1957 1238 2053 aprimigenia
1259 1956 1349 2028 rellae
1372 1954 1522 2048 tenfiom's
1546 1955 1740 2050 potestate,

588 2062 684 2133 unde
707 2056 760 2129 est
782 2054 876 2127 tetta
898 2054 991 2125 lmea
1012 2052 1215 2141 confluere,
1242 2068 1388 2149 petere,
1403 2052 1619 2143 defiderarc,
1645 2052 1741 2128 resto

592 2153 695 2229 cursu
725 2152 843 2243 aliquo
869 2147 1112 2247 contendere)
1137 2150 1180 2220 ad
1200 2173 1249 2222 me
1266 2150 1483 2245 perdendum,
1521 2148 1743 2243 inflrustr'oner

592 2266 669 2325 tuas
689 2247 818 2329 adtente
843 2243 1001 2340 confidem
1021 2243 1124 2342 (cum
1145 2244 1263 2321 hostes
1289 2268 1347 2320 me
1370 2262 1513 2339 petant,
1540 2270 1669 2345 precor
1674 2247 1744 2347 ser·

592 2372 639 2425 oa
660 2372 728 2436 me,
754 2345 829 2421 sum
849 2346 944 2419 enim
966 2342 1088 2417 servus
1111 2356 1216 2431 tuus,
1247 2343 1311 2417 tibi
1334 2342 1582 2437 obsequiosus,
1613 2344 1743 2420 &tuo-

592 2470 672 2523 rum
709 2460 970 2539 preceptorum
1002 2439 1174 2515 studiosus
1207 2438 1437 2535 investigator
1458 2464 1500 2514 ac
1524 2441 1742 2517 observator.

592 2544 724 2640 Repeti
737 2542 831 2616 enim
854 2562 900 2614 ex
921 2538 1072 2634 praeced.
1088 2537 1215 2625 debet,
1233 2532 1337 2627 suna
1354 2561 1421 2624 me,
1446 2538 1557 2636 quia.)
1605 2540 1742 2614 Termi·

592 2658 656 2716 nat
677 2641 903 2732 pericopam,
933 2636 968 2708 &
986 2635 1031 2708 ad
1052 2633 1257 2729 sequentem
1275 2632 1374 2708 simul
1391 2635 1483 2710 viam
1503 2634 1646 2728 sternit,
1669 2637 1743 2709 lau·

566 2818 570 2827 ¹
597 2737 739 2808 datione
759 2732 930 2824 praecepti
956 2730 1028 2808 Dei
1049 2753 1069 2801 a
1093 2729 1226 2805 summa
1248 2730 1324 2822 ejus
1346 2732 1550 2821 latitudine,
1583 2731 1745 2829 opposite

599 2831 643 2903 ad
660 2827 903 2921 quamcunque
917 2823 1173 2919 perfectionem
1189 2827 1393 2917 humanam,
1408 2826 1507 2902 artlis
1523 2828 1746 2905 constratam

599 2922 788 3013 limitibus,
822 2921 857 2995 ἂ
892 2920 1103 3012 finiendam,
1143 2924 1302 3018 adeoque
1325 2924 1607 3018 inperfectam&
1628 2927 1747 3001 evani-

596 3024 697 3112 dam,
725 3018 815 3093 vers.
840 3022 898 3113 96.
935 3020 1054 3092 Omnis
1076 3016 1285 3115 perfusionis
1306 3023 1398 3095 uideo
1415 3019 1540 3115 fircera,
1566 3022 1749 3120 latrffmum

597 3120 643 3219 est
661 3130 859 3219 preceptum
885 3129 989 3190 tuum.
1012 3115 1047 3188 h.
1069 3137 1102 3189 e.
1152 3116 1330 3215 Quicquid
1350 3120 1461 3193 homo
1483 3119 1590 3197 habet
1606 3122 1640 3194 dr
1656 3124 1747 3220 agit,

622 3240 704 3296 uam
726 3216 833 3291 etiam
856 3211 940 3290 illud
960 3211 1021 3300 srr,
1055 3213 1115 3285 vel
1137 3212 1339 3305 censeatur,
1361 3214 1580 3310 perfeslum,
1604 3218 1638 3291 u
1662 3242 1748 3294 con·

598 3246 835 3403 summatum,
859 3308 1371 3408 sivesapientia,s1vevirtus‚
1389 3313 1461 3388 srve
1478 3314 1650 3407 felicitas,
1674 3316 1747 3391 srve

626 3413 690 3490 uid
714 3409 828 3500 aliud,
864 3406 928 3499 srt,
966 3408 1053 3483 illud
1082 3429 1190 3484 omne
1216 3408 1308 3481 clare
1330 3408 1364 3482 dr
1386 3409 1543 3484 distinsle
1565 3415 1746 3507 percipio,

594 3542 598 3549 ·
628 3509 723 3602 quod
744 3510 802 3582 hic
823 3506 874 3581 est
896 3511 1006 3580 vidue
1050 3508 1119 3580 tale
1139 3505 1224 3601 quid
1239 3528 1311 3580 non
1329 3506 1425 3598 elle,¹
1447 3506 1505 3581 sed
1519 3508 1618 3584 artlis
1634 3510 1750 3585 limiti·

602 3610 670 3679 bus
688 3604 910 3691 conclusum,
936 3604 971 3676 ἃ
1019 3626 1101 3677 nem
1123 3605 1344 3693 habiturum,
1372 3604 1481 3679 multa
1494 3606 1751 3702 inperscdlione

606 3700 813 3871 preditum,
850 3701 1022 3784 &minus
1043 3700 1217 3774 durabile:
1256 3699 1365 3775 solum
1387 3718 1601 3796 praeceptum
1623 3720 1750 3799 tuum,

620 3797 762 3872 nomni
783 3800 969 3889 complexu
990 3795 1166 3889 sumtum,
1190 3796 1322 3873 summa
1346 3796 1396 3870 est
1409 3805 1606 3896 amplitudo,
1631 3805 1752 3877 necli-

601 3896 739 3982 mices,
765 3913 832 3966 nec
852 3893 962 3977 finem
984 3893 1138 3985 habens,
1163 3894 1256 3989 quod
1278 3896 1397 3989 itaque
1414 3897 1646 3991 ampliffimam
1664 3922 1750 3991 prae-

589 3996 669 4069 ”bet
684 3988 875 4089 spatiandi,
902 3992 963 4067 seu
986 3992 1180 4071 meditandi
1203 3991 1325 4071 &sese
1345 3997 1555 4089 exercendi,
1588 3994 1698 4073 ansam
1713 3998 1750 4070 dc

601 4124 606 4129 ·
641 4119 648 4135 ¹
1024 4130 1031 4143 ·
1643 4108 1751 4168 mate·
