3984 5159
451 543 524 626 ῃ)
597 537 982 622 nsattt·
1032 539 1339 646 cxxutnn
1409 577 1480 659 nt

317 723 447 804 tumui·
466 721 639 810 inffitoit,
658 722 735 798 'nna
756 717 851 794 enim
874 715 1002 817 Grnris
1016 715 1185 818 lig'nificat'
1200 726 1237 800 in
1250 726 1473 822 Scriptirias.
1629 715 1637 726 ’

314 827 430 908 drhic
452 818 752 918 Syro-Macedones
777 813 1063 913 defignarentur,
1089 817 1260 918 li'snpnli
1285 823 1470 902 Gruterum
1709 846 1718 860 ·

317 923 578 1018 intelligantur,
604 916 702 1009 quod
716 911 811 986 reite
825 912 1031 1004 quadraret,
1046 915 1128 988 liad
1141 933 1305 1014 tempora
1320 921 1471 1018 Epipha-

313 1021 394 1094 nica
419 1022 492 1092 hoc
515 1013 694 1088 canticum
713 1009 912 1086 referatur:
945 1011 990 1083 de
1013 1033 1085 1106 quo
1108 1013 1313 1110 supradixi.
1376 1019 1470 1094 Mihi

313 1115 501 1210 probabile
514 1110 575 1197 fit,
598 1103 980 1202 antiquamlettionem
995 1107 1097 1182 fuiffe
1115 1137 1225 1204 aunan
1251 1112 1310 1186 sed
1330 1126 1469 1211 tempo.-

168 1203 173 1207 ’
309 1235 357 1290 ne
381 1207 588 1284 adflittionis
611 1205 837 1300 Epiphanicae
858 1231 868 1260 ·
889 1204 990 1278 fuilie
1010 1205 1202 1303 insertum,
1240 1225 1280 1285 ut
1299 1211 1343 1284 ad
1364 1211 1469 1305 Syro·
1581 1241 1588 1250 ⁷

206 1381 210 1387 .
313 1308 509 1381 Macedon.
530 1303 653 1378 clarius
675 1301 736 1376 res
753 1302 884 1374 iceret:
918 1301 1015 1392 quod
1041 1315 1162 1380 tamen
1190 1305 1401 1400 conjetturre
1428 1310 1468 1382 li.

314 1409 421 1480 mites
435 1425 509 1476 non
521 1400 671 1473 excedit
719 1325 900 1505 &nmquid
913 1395 976 1483 fit,
992 1405 1167 1494 tranquilli
1186 1403 1354 1498 insolentes
1369 1404 1467 1502 &su-

314 1504 407 1596 perii
429 1497 510 1572 lunt
529 1498 643 1590 primo
656 1494 818 1582 chaldei,
842 1512 1046 1585 inquorum
1060 1497 1178 1570 medlo
1195 1500 1370 1594 degebant
1385 1525 1468 1579 exu-

318 1601 395 1685 les,
419 1596 501 1669 dein
522 1593 780 1686 qualescunque
801 1589 859 1664 alii
879 1589 1004 1686 populi
1028 1595 1156 1681 uicini,
1197 1611 1377 1690 quotquot
1395 1597 1465 1696 Jnn

317 1697 393 1768 δαίς
410 1694 503 1769 male
523 1692 715 1779 volebant,
753 1688 934 1762 &eorum
954 1685 1205 1764 calamitatibus
1225 1689 1463 1784 insultabanta

313 1791 475 1865 homines
496 1789 623 1880 opibus
646 1787 679 1859 dt
701 1783 864 1880 potentia
885 1783 945 1858 sua
967 1783 1070 1883 elati,
1103 1785 1138 1859 tr
1166 1784 1318 1863 successu
1344 1811 1464 1870 rerum

290 1887 449 1985 ,suarum
478 1885 611 1972 inflatu
646 1883 685 1958 in
705 1882 826 1976 primis
846 1880 884 1954 in
906 1879 1068 1974 Judaeos,
1109 1903 1302 1979 eorumque
1323 1887 1464 1984 religio·

311 2007 394 2062 nem
415 1982 585 2071 animati,
613 2001 687 2076 quo
710 1976 787 2074 ipso
808 1977 914 2054 titulo
934 1975 1168 2077 insigniuntur
1187 1981 1463 2064 ChaldaeiZach.

314 2103 422 2173 1:15.
448 2106 462 2127 ·

358 2184 391 2271 §.
408 2177 479 2252 XV
480 2177 507 2252 1.
535 2177 600 2252 His
620 2176 824 2273 attribuitur
840 2191 1018 2254 contemtus
1039 2177 1073 2257 dt
1087 2177 1300 2277 subsannatio
1323 2181 1462 2275 Judaeo·

252 2289 257 2298 ’
313 2297 411 2365 rum3
449 2273 520 2349 five
549 2278 684 2366 verbis,
715 2273 785 2347 five
805 2272 945 2370 gestibus
967 2284 1128 2367 externis,
1146 2279 1231 2350 ,live
1247 2277 1353 2368 fallis
1375 2282 1459 2374 fiat,

315 2395 388 2468 quae
403 2393 532 2447 vocum
547 2372 681 2446 ambitu
696 2370 774 2448 sunt
787 2369 1050 2465 comprehensa.
1076 2372 1134 2447 Ad
1167 2369 1259 2446 estus
1274 2390 1458 2450 contume.

309 2467 417 2544 liosos
432 2471 470 2542 in
482 2469 596 2563 specie
612 2469 768 2563 pertinet
781 2491 853 2543 vox
869 2473 920 2552 nb
938 2517 951 2558 ‚
972 2489 1049 2562 quae
1063 2393 1280 2564 apudnrab.
1294 2471 1459 2550 continet

308 2571 493 2644 vibrantem
505 2566 710 2640 nittntionem
722 2588 778 2641 ex.
792 2588 844 2662 gr.
858 2569 1093 2662 lingnn,outli
1108 2566 1174 2640 &o
1191 2565 1260 2639 Sed
1273 2569 1457 2648 materiam

305 2663 342 2738 dt
371 2679 616 2761 argumentum
644 2661 916 2752 subsannationis
940 2684 982 2736 ac
1006 2661 1302 2738 contumeliarum
1328 2665 1458 2760 panda·
1528 2669 1529 2672 ‘

306 2781 397 2836 mus.
445 2783 478 2834 n.
502 2759 684 2836 insultatio
707 2760 766 2832 illa
785 2757 1058 2853 comprehendit
1074 2758 1229 2838 laetitiam
1251 2757 1353 2855 super
1367 2765 1455 2841 cala·

305 2857 485 2932 mitatibus
504 2856 729 2951 Iudaeorum,
752 2856 898 2950 ejusque
911 2857 1088 2950 publicam
1103 2855 1453 2940 demonstrationem.

305 2957 335 3029 l.
353 2977 430 3050 quae
443 2951 686 3030 inirrifionem
700 2953 797 3039 exit,
822 2951 1057 3045 quamiserils
1079 2975 1205 3031 eorum
1223 2956 1465 3048 insultabantf
1620 2975 1624 2986 ·

305 3051 369 3128 dte.
397 3077 425 3126 c.
438 3049 577 3126 acceffit
590 3047 846 3126 contumeliosa
866 3050 1046 3141 trattatio,
1072 3075 1141 3147 qua
1155 3069 1317 3148 tanquam
1330 3051 1454 3130 servor

273 3209 279 3214 .
305 3149 498 3239 nubianos,
522 3149 556 3221 dt
580 3149 754 3242 mancipia
773 3169 836 3222 eos
855 3163 1097 3244 exceperunt,
1121 3150 1386 3240 tentarunt,
1410 3149 1456 3222 fi.

304 3267 346 3322 ve
370 3247 685 3333 eosnendidnrint,
711 3257 749 3318 ut
766 3241 820 3318 est
831 3243 922 3338 Joel.
941 3267 1018 3337 1v.,
1033 3246 1104 3320 slve
1119 3247 1192 3319 aliis
1208 3246 1357 3342 indignis
1374 3267 1451 3321 mo-

305 3342 354 3418 dis
366 3341 557 3420 tratmrint.
607 3343 638 3415 d.
660 3341 824 3437 Denique
839 3341 966 3435 statum
983 3341 1139 3436 ipsorum
1156 3338 1319 3416 miserum
1335 3341 1372 3414 in
1389 3343 1456 3416 de··

207 3468 213 3478 ·
303 3439 405 3517 decue
417 3438 616 3537 religionis,
631 3439 665 3512 dt
682 3440 860 3512 relationis
875 3449 1004 3520 eorum
1019 3437 1064 3509 ad
1079 3436 1220 3526 Deum,
1236 3451 1457 3533 verterunt3.

302 3536 368 3612 five
382 3537 494 3611 Deum
509 3536 712 3631 Judaeorum
731 3531 1028 3626 tanquamfittum
1045 3533 1107 3604 a'ut
1122 3529 1298 3608 infirmum
1313 3557 1449 3618 numen

301 3634 542 3806 {raladucetndg⁹
566 3631 638 3707 live
661 3633 874 3729 populuma
897 3631 981 3739 Deo
1001 3625 1207 3726 spretum&
1222 3631 1448 3732 repudiatum
1480 3721 1494 3740 υ

353 3753 493 3807 umman
520 3754 554 3804 o.
687 3793 692 3801 .
1269 3768 1275 3774 ·

313 3863 318 3871 ·
347 3835 379 3919 t.
393 3827 507 3900 XVll.
539 3827 642 3901 Hane
668 3825 933 3902 insultationem
956 3823 1135 3902 declarant
1162 3831 1309 3926 amplius
1330 3833 1448 3912 feren·

262 4005 266 4013 ⁸
304 3924 378 4002 dnm
394 3946 471 3998 non
485 3922 573 4013 elim
583 3945 667 3998 cum
682 3924 827 4014 dicunt,
837 3927 975 4002 nultum
982 3919 1022 4018 se
1037 3947 1073 3998 ea
1090 3921 1148 4022 effe
1156 3925 1298 4024 satiant
1311 3929 1359 4014 θ’
1375 3938 1449 4005 nni·

302 4043 395 4100 num·
410 4024 547 4098 nimium
562 4019 763 4120 saturatam.
832 4017 969 4194 Osopus
997 4043 1105 4106 voces
1126 4023 1207 4108 sunt
1230 4027 1448 4200 emphaffi.

452 4180 461 4199 s
826 4187 830 4199 .
905 4165 909 4173 ·
1001 4143 1006 4150 ·
1041 4145 1045 4152 ·
1225 4143 1263 4154 ’·
1307 4143 1340 4200 a.
1436 4168 1449 4188 ·
