3984 5159
567 491 641 583 m
728 468 1562 581 conunnrnnros

569 676 706 775 ignum
724 666 852 747 finceri
871 666 908 744 dt
926 664 1041 762 firmi,
1064 666 1332 767 deliberatoque
1351 668 1471 745 animo
1496 666 1622 757 sumti,
1646 688 1730 765 pro·

568 770 695 871 politi,
717 767 875 863 illudque
897 766 969 841 huc
986 788 1099 862 usque
1114 790 1180 863 pro
1200 768 1333 843 viribus
1348 784 1461 843 ratum
1479 766 1572 856 feci,
1597 768 1729 862 &pro

570 871 669 959 stiti,
693 866 788 944 idem
813 864 968 966 satturuc
989 864 1027 941 in
1048 864 1238 964 posterum.
1296 866 1392 953 Stare
1419 867 1515 941 enirn
1523 862 1638 956 farere
1653 886 1729 939 non

568 967 620 1045 eli
642 970 885 1060 iuramentum
904 962 1013 1038 semel
1035 963 1165 1039 ratium
1181 961 1418 1053 confirmare,
1445 963 1543 1057 quod
1556 962 1729 1037 minusad

569 1088 648 1143 rem
664 1063 771 1150 facit,
797 1060 857 1135 sed
875 1054 963 1137 illud
985 1058 1061 1156 ipso
1076 1060 1172 1137 fatto
1186 1062 1346 1157 inplere,
1372 1062 1454 1135 &ei
1469 1064 1729 1135 convenienter

572 1164 708 1261 ageie3
732 1160 794 1252 qui
816 1160 917 1232 verbi
937 1159 1049 1235 Hebr.
1074 1161 1181 1235 etiarn
1198 1160 1276 1234 usus
1291 1160 1341 1233 est
1358 1159 1555 1253 receptior,
1581 1156 1731 1251 &supra

571 1258 666 1337 vers.
690 1259 746 1351 38.
772 1257 941 1331 occurrit.
993 1256 1086 1332 Usus
1107 1252 1227 1333 autem
1246 1256 1296 1331 est
1311 1260 1426 1335 verbo
1440 1256 1508 1331 sut.
1524 1270 1635 1351 temp.
1650 1276 1732 1359 cum

573 1386 586 1432 r
605 1369 867 1443 convertente,
893 1352 979 1429 licut
995 1354 1213 1451 adpellatur,
1232 1374 1273 1433 ut
1286 1354 1321 1429 se
1337 1356 1381 1433 de
1394 1353 1573 1450 praeterito
1589 1354 1731 1449 quidem

572 1454 695 1548 loqui,
718 1450 778 1525 sed
794 1450 955 1529 futurum
971 1476 1042 1530 una
1056 1454 1269 1549 intendere,
1294 1450 1535 1552 significaret.)
1575 1458 1584 1477 '
1766 1455 1794 1473 “’
1836 1534 1841 1540 ,

628 1555 660 1641 §.
676 1549 718 1623 L.
745 1548 891 1625 Secunda
908 1573 986 1649 pars
1002 1550 1086 1626 duas
1103 1552 1268 1628 continet
1282 1574 1427 1649 precer,
1451 1573 1550 1625 unam
1567 1572 1636 1645 pro
1648 1548 1732 1625 libe·

576 1651 715 1725 ratione
729 1648 774 1722 ab
789 1647 1008 1739 adflictione,
1034 1654 1173 1724 alteram
1187 1672 1256 1747 pro
1269 1653 1380 1749 gratia
1391 1646 1611 1725 illuminante
1627 1648 1663 1721 dc
1676 1648 1731 1721 ad·
1812 1738 1814 1743 Ι

574 1748 726 1841 juvante
739 1745 783 1819 ad
795 1746 1038 1839 juramentum
1053 1746 1152 1823 suurn
1167 1746 1371 1825 constanter
1381 1744 1622 1841 prestandum.
1633 1743 1734 1817 Prior

435 1849 441 1857 “
575 1846 628 1920 ita
651 1844 778 1931 habet,
804 1840 893 1916 vers.
914 1862 993 1936 107.
1044 1842 1292 1943 Adflr'llussum
1307 1848 1403 1921 valde
1420 1843 1478 1943 (dt
1495 1840 1758 1931 intenfiffime,

578 1943 680 2019 omni
697 1940 797 2029 nisu,
821 1938 932 2013 &diu
945 1939 1153 2031 admodum,
1169 1965 1190 2015 a
1205 1941 1490 2037 persecutoribus
1505 1941 1592 2016 meis
1605 1963 1617 2017 t
1631 1961 1744 2034 quam·

579 2038 818 2135 posteriorem
841 2038 1033 2111 notionem
1054 2058 1127 2112 non
1143 2040 1273 2135 respuit
1288 2064 1362 2117 vox
1379 2068 1466 2125 van,
1487 2038 1521 2112 u
1541 2038 1646 2113 series
1669 2036 1735 2111 ser·

579 2134 701 2209 monis
722 2132 887 2226 requirit:
921 2132 993 2209 vid.
1020 2132 1108 2209 vers
1136 2138 1194 2224 82,
1223 2138 1302 2236 84.)
1339 2135 1494 2237 Jehoua!
1530 2131 1735 2229 oivifimnu

575 2228 760 2331 secundum
775 2232 908 2303 valum
922 2243 1016 2307 tuum
1037 2230 1263 2331 (promissum
1279 2250 1379 2312 tuum
1395 2234 1546 2328 inpleas,
1551 2234 1616 2333 qui
1630 2254 1669 2307 es
1677 2228 1741 2331 Je'·v

581 2332 688 2419 bova,
714 2326 814 2404 Deus
835 2349 963 2421 verax,
988 2352 1120 2424 meque
1142 2330 1317 2427 violfins,
1349 2340 1408 2408 leu
1428 2333 1573 2423 secura,
1596 2331 1677 2405 lata
1697 2349 1738 2411 ac
1774 2394 1778 2399 .

580 2424 751 2525 prospera
777 2428 983 2503 conditione
1007 2450 1065 2503 me
1079 2426 1149 2506 frui
1165 2428 1292 2523 facias,
1317 2433 1418 2524 cujus
1440 2429 1539 2524 spem
1553 2426 1638 2503 milri
1652 2424 1736 2502 seci-
1760 2444 1763 2454 ·

580 2524 659 2623 sti.)
708 2522 876 2619 'Posterior
899 2528 953 2601 his
976 2528 1097 2602 verbis
1113 2526 1290 2615 effertur,
1330 2528 1419 2603 vers.
1449 2531 1529 2605 108.
1555 2525 1737 2621 spontanea

580 2630 651 2699 oris
664 2630 738 2723 surei
762 2623 895 2719 plionia
910 2640 1010 2721 grata
1028 2622 1072 2709 ἐξ
1085 2640 1216 2726 accepta
1231 2626 1340 2724 quaeso
1355 2628 1491 2712 babeas,
1517 2620 1667 2735 Jebruol
1688 2616 1737 2705 δ’

581 2720 713 2815 judicia
726 2733 796 2793 rua
816 2722 888 2793 dore.
906 2744 955 2800 me
983 2720 1247 2888 §uramentum
1263 2746 1384 2800 meum
1400 2722 1443 2796 ad
1453 2722 1586 2891 judrc'ssa
1601 2735 1663 2795 tua
1676 2719 1747 2794 ob*

587 2813 785 2911 servanda,
794 2812 921 2908 sponte
942 2816 977 2891 dt
1011 2818 1161 2895 ubenter
1177 2820 1329 2911 ratium,
1344 2818 1489 2896 ostende
1507 2818 1548 2913 Je
1573 2820 1664 2891 ovai
1675 2816 1741 2890 tibi

611 2923 727 2985 ratum
757 2910 848 3004 else,
887 2910 993 2989 instar
1018 2915 1208 2993 oblationis
1229 2918 1454 3013 spontaneae,
1483 2914 1648 2991 dooendo
1681 2932 1743 2989 me

580 3007 716 3106 judicia
737 3024 817 3098 tua,
849 3008 948 3087 &ad
970 3034 1014 3085 ea
1037 3008 1227 3090 efficaciter
1247 3014 1450 3113 instigando,
1483 3028 1543 3103 ut,
1575 3013 1619 3089 ad
1642 3009 1740 3104 quod

584 3129 647 3185 me
665 3122 736 3205 tarn
750 3106 865 3183 santle
878 3107 913 3182 dr
928 3106 1121 3183 solenniter
1134 3112 1313 3210 obligavi,
1332 3114 1419 3189 illud
1432 3109 1549 3185 erade
1564 3106 1738 3207 praestem.
1817 3178 1820 3187 .

585 3204 747 3302 Respicit
762 3206 912 3281 omnino
924 3206 970 3289 ad
981 3207 1220 3301 juramentum
1229 3260 1242 3298 ,
1251 3210 1361 3287 modo
1375 3223 1610 3286 memoratum
1620 3257 1632 3296 ,
1644 3202 1739 3302 quod

584 3304 647 3381 hic
659 3302 878 3403 spontaneum
901 3310 967 3379 oris
988 3301 1159 3401 effluxum,
1183 3330 1260 3405 quae
1274 3310 1372 3385 vocis
1390 3335 1467 3385 mu
1486 3320 1573 3382 nota
1587 3301 1746 3400 potestas

470 3493 474 3499 .
588 3402 662 3492 est,
687 3402 860 3499 adpellat,
875 3426 951 3479 non
964 3400 1037 3501 line
1053 3402 1230 3483 adlulione
1243 3406 1286 3481 ad
1302 3406 1500 3503 oblationes
1513 3402 1741 3499 spontaneas,

242 4014 245 4019 ’
366 4086 370 4092 ,
636 3982 748 4084 Ml.
778 3982 1024 4089 recupare,
1040 3988 1163 4077 selein
1175 3995 1442 4106 presentillimir
1456 3992 1539 4073 vite
1553 3986 1742 4101 periculis,

587 3518 642 3572 ¹eo
668 3502 815 3577 nomine
840 3500 1001 3601 insigniri¹
1016 3502 1152 3595 solitas,
1176 3527 1256 3603 ⁴quo
1275 3509 1424 3583 verbum
1446 3529 1506 3579 rm
1525 3499 1739 3599 acquiescere,

590 3608 730 3693 gramm
752 3601 904 3691 habere,
935 3602 1044 3676 'etiam
1066 3602 1195 3696 ducit„
1216 3620 1390 3701 praterea
1414 3601 1564 3688 indicat,
1594 3598 1742 3692 sejun-

591 3701 718 3768 mento
741 3697 935 3787 praestando
956 3696 1027 3774 else
1049 3698 1209 3793 inparem
1237 3701 1309 3777 fine
1339 3697 1567 3777 instructione
1595 3698 1631 3771 dc
1650 3694 1742 3791 insti·

592 3792 771 3865 mutatione
789 3794 881 3882 Dei3
922 3816 1027 3892 quam
1048 3795 1350 3901 emphafin,5satis
1373 3792 1519 3885 notann'
1539 3797 1647 3873 habel
1664 3814 1743 3866 Ver·
1881 3898 1882 3907 ,

592 3890 680 3964 bum
694 3892 754 3963 ml
767 3891 910 3983 proprie
924 3908 1087 3990 pungere,
1112 3892 1562 3995 pungendo·'inllimulare.)

1618 4086 1743 4185 qulbus
