3984 5159
513 582 564 639 n>
635 559 1001 643 rsanm,
1075 562 1318 665 cavana.
1425 599 1491 654 101
1601 683 1613 698 .
1720 523 1726 534 ¹

325 773 406 830 rum
427 771 510 852 erga
531 751 652 827 Deum
669 750 876 826 &homines
889 747 1174 843 explendorum,
1194 752 1309 830 studio
1332 758 1478 832 ardente

323 853 436 926 latus(
478 851 598 925 Verba
621 845 859 941 &benefitium
881 869 901 918 a
921 849 1005 922 Deo
1025 849 1215 941 collatum,
1247 853 1282 925 &
1304 855 1409 930 animi
1423 857 1479 927 ad.

319 945 447 1040 felium
463 947 547 1024 inde
566 959 690 1019 ortum
709 945 823 1018 eonin'
835 965 902 1018 cn.
1550 959 1556 970 ·

372 1051 404 1137 §.
422 1044 481 1119 lX.
507 1039 724 1116 Beneficium
748 1041 784 1115 in
804 1041 1029 1134 querularum
1051 1066 1203 1139 precum
1228 1047 1479 1138 exauditione,

321 1168 369 1221 ex
391 1143 518 1216 favore
541 1163 561 1213 a
583 1139 663 1212 Deo
680 1135 786 1226 farta,
813 1141 970 1232 ponitur.
1022 1139 1349 1241 Audioirffehova,
1371 1146 1479 1236 dicit,
1572 1197 1578 1205 -

321 1263 433 1317 uorem
454 1260 581 1325 meam,
615 1233 774 1328 stridulos
796 1259 879 1309 maor
891 1235 1010 1333 sonos:
1043 1237 1079 1310 id
1100 1239 1175 1328 est,
1208 1263 1342 1317 vocem
1363 1265 1479 1317 meam

321 1336 503 1436 querulam
531 1335 565 1407 &
591 1330 893 1427 supplicatorian,
924 1356 969 1406 ex
989 1334 1123 1410 intimis
1146 1337 1343 1414 visceribus
1363 1361 1478 1414 erum-

321 1431 478 1532 pentem.
535 1427 619 1501 Vox
651 1429 789 1514 Heba,
822 1448 926 1519 quam
941 1427 1100 1522 stridulos
1112 1430 1208 1525 sonos
1243 1435 1401 1526 reddidi,
1434 1436 1477 1509 ad

323 1530 530 1628 originalem
555 1527 629 1616 eius
653 1521 885 1616 potestatem,
911 1546 980 1615 qua
1001 1526 1229 1604 animantium
1247 1530 1407 1606 stridulos
1424 1530 1477 1605 so·

320 1651 409 1719 nos,
435 1647 519 1700 curn
540 1619 719 1695 adscitum
740 1639 824 1715 erga
843 1619 957 1712 pullos
978 1618 1191 1716 fignificant,
1223 1626 1397 1720 denotat,
1422 1629 1475 1702 uti

317 1723 409 1820 saepe
437 1723 520 1796 alias
546 1717 752 1804 observavi,
777 1714 990 1812 respiciens,
1014 1726 1196 1814 argutiores
1220 1722 1289 1794 hoc
1310 1727 1395 1800 loco
1416 1746 1475 1797 ex·

317 1822 432 1920 pingit
456 1816 500 1901 ἐφ’
514 1813 640 1910 flebiles
662 1835 705 1887 ex
728 1814 856 1886 intimo
877 1828 1024 1910 gutture
1046 1814 1160 1890 editos
1183 1814 1308 1908 sonos,
1355 1821 1475 1913 quales

317 1917 400 1993 sunt
421 1917 652 2012 quiritantium
670 1913 704 1985 dr
719 1931 828 2002 opem
842 1910 1127 2005 implorantium3
1152 1911 1311 2006 adeoque
1327 1918 1376 1989 ob
1390 1938 1477 1990 ocu·

319 2020 373 2092 los
403 2013 528 2108 ponit,
565 2029 647 2083 cunr
676 2005 851 2097 adfliilum
875 2007 978 2098 hujus
1002 2006 1161 2102 personae
1181 2009 1215 2082 ἃ
1238 2010 1472 2092 miserabilem

320 2113 471 2198 statum,
495 2107 555 2200 qui
570 2105 724 2180 stridulos
742 2104 952 2198 &querulas
970 2105 1041 2179 ciet
1057 2127 1186 2195 voces,
1209 2121 1287 2182 tum
1303 2109 1472 2202 supplica·

306 2209 441 2283 'tiones
455 2208 529 2296 ejus
539 2251 550 2288 ,
560 2205 685 2294 quibus
700 2201 818 2275 Deum
833 2201 876 2272 ad
890 2196 1164 2276 misericordiam
1173 2202 1312 2277 fletlere
1323 2221 1473 2281 conatus
1542 2260 1546 2268 -

322 2305 418 2391 fuit,
444 2321 525 2374 cum
552 2299 832 2391 quiritationibus
858 2317 903 2368 ex
931 2297 1060 2371 intimo
1081 2297 1228 2390 pastore
1253 2301 1470 2394 conjuntias.
1552 2337 1579 2345 ·’

253 2421 255 2428 ’
323 2397 541 2494 Adiungitur
563 2397 638 2467 haec
655 2391 794 2467 stridula
811 2395 846 2467 &
859 2391 1005 2486 supplex
1020 2395 1223 2486 imploratio
1237 2404 1337 2486 voci,
1361 2421 1472 2474 vocem
1555 2451 1559 2460 -

318 2521 421 2575 meam
436 2493 628 2586 &stridulos
642 2514 724 2564 meor
733 2489 829 2659 {onos
842 2490 948 2580 dicit,
974 2488 1219 2582 explicationis
1236 2513 1343 2589 ergo,
1369 2507 1410 2568 ut
1423 2494 1468 2568 de

321 2615 414 2672 voce
438 2590 583 2684 querula
598 2587 631 2661 &
646 2587 734 2682 supp
748 2587 894 2662 icatoria
914 2588 1144 2683 cogitaretur.
1195 2585 1304 2684 Quod
1327 2589 1409 2662 aliar
1429 2591 1468 2666 in

189 2716 196 2732 ¹
316 2693 409 2769 statu
430 2685 631 2762 constructo
651 2684 802 2772 dicitur,
828 2705 892 2754 oorr
907 2680 1406 2773 stridoris,·utPlxxv11r.a.
1431 2685 1468 2762 dc

317 2789 428 2874 alibi,
451 2785 510 2856 hic
530 2803 671 2874 quoque
694 2781 814 2851 locum
828 2779 956 2854 habere
972 2777 1112 2875 potest,
1137 2780 1163 2852 sr
1184 2787 1232 2890 ‘rip
1247 2806 1312 2855 nox
1330 2796 1466 2875 repeta-

318 2899 400 2971 tur,
425 2893 465 2954 ut
486 2877 591 2972 plene
613 2875 673 2963 sit,
697 2873 831 2948 audivit
852 2899 959 2950 uocem
983 2899 1105 2962 meam,
1145 2899 1274 2954 vocem
1286 2875 1467 2970 stridoram

261 3055 264 3060 .
318 3001 469 3056 meorum.
497 2975 610 3048 Hasce
626 2971 700 3045 suas
717 2991 827 3046 voces
841 2972 959 3048 Deum
974 2995 1048 3046 non
1069 2972 1271 3066 srmpliciter
1284 2973 1466 3070 aaatvrffi,

315 3079 376 3154 ubi
398 3075 503 3159 dicit,
528 3069 587 3144 sed
606 3068 705 3143 fimul
728 3091 839 3141 aurem
864 3067 951 3165 adse
970 3065 1155 3165 incliaaffe,
1179 3093 1262 3146 eum
1276 3093 1356 3142 aare
1370 3075 1465 3142 incli-

314 3190 395 3250 nata
412 3165 594 3264 audiorffe,
626 3163 816 3336 significat,-
841 3166 907 3240 hac
922 3169 1018 3242 enirn
1031 3166 1168 3242 ratione
1182 3167 1341 3242 membra
1355 3165 1465 3240 divisa

316 3272 435 3347 secum
461 3266 540 3342 sum
573 3287 642 3338 con
677 3263 820 3338 ruenda.
879 3262 973 3338 Aure
995 3287 1072 3336 vero
1095 3268 1258 3338 inclinata
1279 3262 1397 3336 audire
1412 3261 1466 3336 est

180 3433 184 3442 .
315 3363 485 3451 studiose,
511 3362 697 3449 adcurate,
724 3359 758 3432 δι
783 3381 830 3434 ex
851 3359 977 3434 intimo
991 3358 1134 3433 adscito
1146 3383 1227 3438 cum
1241 3353 1465 3434 succurrendi

316 3460 521 3559 propos1t0,
554 3457 695 3531 audire:
719 3455 926 3547 metaphora
953 3456 1164 3556 abqhomine
1186 3458 1317 3552 petita,
1343 3458 1403 3550 qui
1420 3478 1465 3530 ex

319 3559 445 3633 intimo
464 3553 604 3628 adscito
624 3549 724 3626 anam
744 3550 862 3644 aliquo
886 3552 1033 3625 inclinat
1055 3575 1200 3644 aurem,
1241 3571 1282 3627 ut
1299 3566 1465 3629 accurate

319 3652 513 3751 percipiat,
539 3673 619 3724 curn
635 3645 816 3743 proposito
830 3670 937 3720 vocem
952 3648 1045 3722 illam
1064 3649 1228 3724 faciendi.
1375 3652 1380 3664 “

370 3754 403 3840 §.
418 3745 462 3820 X.
497 3745 674 3843 Significat
705 3746 823 3837 itaque
850 3743 885 3816 se
917 3767 1011 3818 aex
1031 3742 1162 3819 summa
1185 3745 1246 3818 sua
1265 3747 1465 3827 adflictione
1529 3753 1532 3757 ’

248 3891 254 3898 -
321 3844 423 3928 fuisse
453 3844 667 3932 liberatum,
702 3843 775 3918 imo
806 3845 836 3916 l.
860 3841 897 3915 in
919 3839 1119 3916 laetillimam
1142 3843 1176 3916 &
1199 3843 1468 3939 prosperrimum

322 3943 495 4019 adsertam
517 3939 782 4028 conditionem,
807 3939 855 4012 ita
868 3954 908 4013 ut
922 3961 1045 4032 preces
1058 3939 1092 4011 δι
1105 3939 1272 4014 desideria
1288 3942 1346 4015 sua
1361 3941 1469 4034 plene

257 4049 264 4067 '
323 4042 391 4116 dici
417 4036 543 4136 possint
573 4036 726 4136 impleta.
771 4059 799 4116 c.
822 4035 1030 4135 ungularem
1049 4037 1144 4114 hanc
1162 4061 1280 4114 rerum
1305 4035 1470 4111 catastro-

911 4131 949 4209 N
975 4156 997 4228 3
1375 4133 1475 4224 pheta
