3984 5159
570 533 636 591 sn
708 510 1078 605 isat-m
1144 518 1274 604 cxx.
1416 544 1487 625 ης

323 684 476 801 manime
498 700 691 799 dependet.
757 698 849 777 Cum
877 666 1003 775 Ausim
1025 703 1077 783 Ps.
1099 668 1240 803 penitus
1262 714 1299 789 in
1328 714 1484 793 obscuro

236 888 249 901 ‚
323 812 391 898 fir,
417 809 452 881 dt
474 816 724 901 argumentum
746 797 817 871 sese
838 799 882 871 ad
904 800 1022 891 plures
1046 806 1208 895 personas
1229 813 1410 887 transferri
1424 838 1484 907 pa·

323 911 452 991 tiator,
469 900 654 1000 susjrslum
676 919 720 971 ex
743 911 864 1005 mente
886 919 1001 989 poetae
1021 900 1285 996 determinasse,
1312 908 1362 983 est
1377 912 1484 1007 longe

277 1022 282 1028 ·
321 1002 504 1077 difficilius.
555 1008 667 1081 sunt,
687 1015 760 1086 ,(1111
781 998 824 1065 de
841 992 997 1104 91111111,
1026 999 1134 1075 vitam
1150 1024 1273 1101 vagam
1291 1024 1387 1081 metu
1403 1030 1482 1101 per·

321 1101 511 1178 secutionis
532 1099 623 1171 Sauli
647 1111 797 1187 agente,
822 1107 1001 1188 cogitant,
1028 1118 1095 1171 nec
1111 1098 1200 1174 adeo
1217 1106 1328 1189 male,
1354 1104 1482 1181 srcan·

320 1200 434 1275 ticum
458 1200 526 1270 rite
549 1192 756 1285 explicetur.
803 1186 1030 1264 Charas'reres
1062 1198 1155 1271 enim
1190 1198 1351 1293 personae
1376 1200 1479 1294 supra

248 1354 252 1357 .
371 1296 427 1369 siti
451 1294 488 1366 in
505 1290 677 1364 Davidem
692 1310 766 1361 non
782 1288 873 1361 male
891 1289 1074 1379 quadrant
1123 1290 1204 1369 Fuit
1221 1296 1292 1391 ipse
1311 1296 1367 1371 vir
1384 1302 1476 1394 paci.

233 1469 240 1475 ,
317 1320 428 1477 idus,
447 1390 627 1465 calumniis
642 1388 836 1459 aulicorum
848 1384 940 1458 Sauli
958 1389 1133 1462 continuo
1154 1394 1307 1487 petitus,
1323 1395 1358 1467 dr
1375 1419 1479 1491 prop·

318 1504 420 1565 terea
444 1488 551 1561 vitam
571 1486 725 1579 quietam
748 1483 944 1576 relinquere
965 1505 1006 1556 ac
1033 1486 1176 1561 incertis
1199 1489 1336 1565 sedibus
1358 1496 1479 1591 vagari

319 1585 481 1672 coaetus,
521 1588 581 1678 qui
611 1580 725 1653 sensus
754 1578 803 1651 est
838 1579 1039 1671 veriats..
1069 1598 1108 1657 ut
1134 1584 1197 1659 suo
1221 1588 1304 1662 loco
1326 1592 1473 1684 patebit.

317 1682 395 1781 lpse
417 1683 568 1774 denique
594 1677 810 1753 infidiatores
834 1676 913 1753 suos
929 1678 1020 1753 vidit
1034 1679 1166 1771 judicio
1181 1684 1318 1759 Divino
1332 1708 1476 1783 oppres·

316 1780 394 1868 sos,
434 1778 575 1873 seseque
605 1796 652 1849 er
686 1772 849 1869 angustiis
878 1776 1055 1851 inlocum
1079 1794 1239 1874 apertum
1271 1782 1305 1855 dt
1335 1784 1474 1862 editum

232 1970 236 1975 ¹
313 1876 491 1955 eduslum.
541 1872 660 1964 Obiici
676 1872 817 1965 quidem
838 1869 946 1958 solet,
972 1874 1147 1953 Davidem
1165 1900 1235 1952 non
1258 1881 1294 1952 in
1312 1884 1475 1959 tentoriis

313 1975 559 2049 Kedormorum
592 1968 780 2057 habitasse,
823 1966 881 2042 sed
903 1968 1099 2063 speluncis3
1146 1996 1272 2051 verum
1299 1998 1341 2051 ex
1362 2000 1472 2071 prava

310 2072 443 2161 verbs
477 2070 774 2161 interpretatione
796 2066 830 2138 id
848 2086 968 2142 ortum
991 2067 1065 2157 est,
1092 2072 1220 2165 quippe
1239 2075 1337 2149 eu'us
1355 2074 1471 2151 sensus

312 2168 391 2259 est,
418 2168 593 2243 Davidem
623 2166 767 2239 incertis
793 2162 930 2239 sedibus
948 2168 1124 2241 oberrasse
1146 2169 1252 2247 instar
1301 2173 1473 2249 edarenoa

311 2288 394 2340 rum
414 2268 453 2341 in
474 2264 637 2339 tentoriis
658 2260 908 2336 habitantium:
933 2262 978 2335 de
1000 2286 1070 2356 quo
1087 2289 1183 2343 mox.
1233 2269 1324 2343 lllud
1338 2270 1471 2349 fortius

308 2363 405 2439 hanc
427 2363 637 2457 opinionem
659 2376 862 2456 oppugnat,
888 2361 983 2449 quod
1006 2362 1086 2433 belli
1103 2380 1228 2437 contra
1242 2365 1334 2438 banc
1350 2367 1468 2458 perso.

306 2482 392 2539 nam
417 2462 505 2540 moti
524 2456 705 2533 causam&
723 2453 945 2531 occasionem
964 2458 1002 2530 in
1019 2457 1138 2550 primis
1157 2458 1285 2533 dedisse
1302 2462 1468 2539 dieantur
1573 2535 1575 2539 ,

304 2560 385 2652 ejus
409 2562 509 2632 verbo
539 2556 574 2629 dt
586 2553 775 2653 sermones,
814 2552 909 2647 quod
937 2555 981 2627 de
1002 2554 1142 2630 Davide
1165 2557 1282 2630 minus
1307 2556 1465 2649 constat,

306 2672 460 2743 eontra,
493 2676 575 2731 cum
611 2652 738 2727 Davidi
762 2652 1016 2727 commercium
1040 2651 1207 2725 sermonis
1226 2652 1467 2733 intercederet

308 2775 391 2829 cum
411 2754 539 2841 Saum,
565 2765 702 2827 tanturn
718 2747 835 2838 abest,
866 2764 907 2823 ut
920 2748 1043 2823 Saulus
1057 2748 1185 2825 fortius
1202 2749 1237 2825 in
1253 2750 1364 2846 ipsum
1377 2776 1464 2831 con·

307 2851 438 2927 citatus
458 2848 518 2939 sit,
543 2864 584 2925 ut
603 2849 785 2923 mitiorem
808 2844 945 2940 semper
966 2848 1121 2923 animum
1150 2847 1325 2939 induerit,
1363 2851 1463 2927 &ab

306 2947 386 3041 ipso
408 2948 568 3022 vexando
582 2941 798 3020 abstinuerit.
849 2944 1004 3019 Multum
1020 2943 1138 3020 fateor
1152 2946 1382 3024 imminuetur
1397 2950 1464 3025 dis·
1589 2995 1604 3003 -

306 3043 469 3133 licoisas,
506 3044 531 3116 si
554 3040 750 3131 statuatur,
780 3043 892 3114 verba
916 3042 1057 3116 Paridis
1088 3043 1243 3119 innocua
1268 3046 1306 3121 in
1332 3047 1460 3126 malam¹

304 3162 443 3239 partem
459 3159 559 3237 rapta
575 3140 664 3232 saepe
678 3138 794 3213 ansam
809 3136 937 3233 dedisse
952 3139 1205 3229 calumniandi,
1229 3140 1293 3215 aest
1310 3164 1458 3237 regnum

303 3243 475 3327 embiret‚
500 3261 578 3335 quae
599 3236 700 3310 causa
723 3235 978 3329 persecutionis
994 3236 1083 3327 suit;
1111 3238 1192 3311 dein
1206 3240 1459 3317 Saulumiden

304 3340 418 3413 tidem
439 3337 581 3430 quidem
604 3333 704 3408 fuisse
718 3334 937 3432 mitigatum,
962 3328 1020 3413 sed
1036 3336 1305 3411 calumniatores
1321 3334 1457 3429 semper

305 3438 420 3510 acrius
436 3432 615 3523 institisse,
632 3432 679 3503 ita
695 3448 756 3518 ut,
771 3454 843 3523 quo
856 3434 965 3525 magis
982 3431 1054 3521 ipse
1071 3433 1198 3507 leniret
1213 3432 1309 3507 molli
1326 3434 1458 3509 oratio·
1568 3512 1573 3520 ,

303 3534 527 3617 sessurum,
553 3530 624 3616 illi,
649 3529 685 3603 in
707 3528 859 3601 deterius
878 3526 980 3601 verso
995 3526 1179 3615 sermone,
1204 3530 1358 3617 maiores
1377 3552 1457 3605 ner·

301 3648 370 3702 vos
385 3630 429 3701 ad
441 3630 583 3703 Saulum
600 3626 812 3700 incitandum
827 3625 1063 3699 intenderint:
1088 3648 1164 3717 qua
1179 3623 1350 3701 verisbma
1363 3626 1456 3707 sunt.

301 3726 395 3801 Addi
412 3724 550 3822 potest,
582 3722 670 3797 vers.
688 3746 798 3821 pmum
815 3721 937 3818 potius
954 3722 989 3797 in
1005 3721 1181 3797 Davidem
1198 3723 1311 3797 adhuc
1324 3728 1359 3799 in
1377 3728 1456 3807 aule

302 3822 396 3899 Sauli
413 3822 630 3904 versantem,
666 3844 768 3914 quam
792 3822 932 3897 exulem
954 3822 1171 3908 convenire,
1202 3837 1244 3897 ut
1262 3821 1333 3916 seq.
1349 3824 1456 3903 doce·

302 3921 404 3996 bunt.
455 3920 552 4015 Ergo
568 3920 661 3991 nulla
675 3918 838 4016 graviore
852 3922 1025 4012 premitur
1040 3917 1267 4011 difficultate,
1292 3942 1333 3995 ac
1351 3946 1456 4013 quam

303 4034 439 4099 nomen
460 4016 611 4097 Davidis
628 4017 667 4096 in
687 4018 792 4095 titulo
806 4016 1003 4120 negleslum
1016 4020 1173 4119 prebet,
1198 4042 1281 4103 cum
1293 4023 1456 4194 ρτοὺειῑίἓ·
