3984 5159
386 604 551 705 ’.ῃ
682 566 1502 661 countnrsnrus

497 776 536 853 se
559 767 659 850 boni
677 788 833 865 opesque
855 767 893 840 in
919 784 1053 860 egenos
1067 762 1344 860 quaquaversum
1362 764 1559 864 spargendo
1574 792 1660 850 eon·

498 872 640 960 tulerit3
666 869 741 961 ejus
764 860 930 962 profesio
948 859 1083 956 justitia
1106 860 1210 937 stabit
1231 866 1458 957 perenniter,
1483 866 1659 962 &poten-

498 973 583 1050 tiam
605 966 884 1067 dignitatemque
906 956 1112 1052 possidebit,
1138 962 1327 1049 retinebit,
1352 962 1386 1035 dt
1407 959 1571 1043 ostendet
1585 968 1661 1065 glo·

499 1068 603 1148 rioset.
655 1060 790 1137 Guntia
810 1059 894 1133 sunt
917 1077 962 1129 ex
977 1056 1214 1152 superioribus
1229 1058 1357 1133 facilia.
1407 1060 1565 1139 Tantum
1581 1078 1659 1139 not.

500 1191 533 1244 1.
540 1165 699 1264 spargere
715 1159 750 1231 de
761 1158 843 1230 ‘dare
862 1150 931 1228 etse
947 1152 1106 1247 sparsim,
1121 1154 1265 1249 profuse
1281 1155 1315 1229 dt
1331 1156 1554 1252 simpliciter,
1575 1163 1671 1237 dare·

495 1269 536 1342 in
556 1265 658 1335 usum
675 1276 882 1353 pauperum.
932 1253 1100 1328 Alterum
1116 1253 1212 1329 enim
1230 1258 1403 1345 verbum,
1421 1258 1482 1329 ubi
1495 1259 1569 1335 duo
1579 1260 1663 1351 iun·-

525 1372 658 1443 untur,
683 1356 771 1447 saepe
787 1354 1023 1427 adverbialiter
1041 1352 1204 1427 sumitur:
1231 1353 1285 1427 uti
1299 1369 1426 1428 notum
1441 1352 1504 1430 est..
1543 1378 1576 1430 2.
1593 1354 1661 1454 Ju-

430 1472 435 1479 '
529 1460 594 1529 itia
610 1452 684 1543 eius
702 1452 763 1525 ubi
771 1447 861 1543 flare
874 1448 1029 1539 dicitur,
1051 1450 1138 1522 illud
1152 1472 1218 1544 pro
1227 1446 1412 1541 felicitatis
1426 1451 1460 1525 &
1475 1458 1660 1528 retributio·

500 1558 557 1629 nir
581 1549 816 1643 descriptione
845 1546 1048 1622 habendum
1070 1544 1139 1636 est,
1178 1562 1220 1619 ut
1245 1543 1347 1640 supra
1368 1549 1520 1642 vidimus
1544 1550 1578 1628 dt
1601 1573 1659 1625 ex·

503 1649 701 1746 plicuimus.
760 1668 792 1739 3.
808 1692 810 1700 ·
826 1643 991 1737 Denique
1022 1666 1121 1717 cornu
1146 1646 1288 1716 exaltari
1317 1646 1497 1719 diritatis
1524 1652 1659 1743 gioria,

506 1768 615 1842 quum
636 1740 842 1913 dignitas&
865 1742 1029 1835 potentia
1051 1742 1090 1815 in
1106 1738 1246 1815 sublimi
1260 1741 1477 1831 collocatur,
1505 1744 1597 1819 &fir
1635 1767 1660 1819 o

466 1844 577 1918 -talo
599 1864 669 1919 eon

500 1959 647 2017 mxxxix:
676 1946 730 2013 18.
750 1956 807 2026 25.
832 1957 916 2009 xern
941 1958 995 2009 11.
1044 1934 1154 2033 Quod
1175 1935 1277 2009 facile
1294 1935 1356 2011 est.

425 2088 428 2097 ,
551 2043 584 2130 §.
606 2034 736 2110 XXVI.
763 2032 957 2107 illustratur
979 2030 1161 2127 postremo
1182 2032 1217 2105 dt
1237 2032 1466 2111 confirmatur
1479 2034 1658 2127 dodrina,

501 2134 575 2211 hoc
598 2135 740 2207 cantico
762 2128 960 2225 proposrta‚
994 2151 1038 2202 ex
1053 2129 1215 2224 opposta
1228 2131 1418 2225 impiorum
1435 2133 1529 2209 sorte
1544 2134 1659 2208 infeli-

504 2254 573 2319 ce,
597 2228 689 2303 ver-s.
716 2251 771 2302 10.
803 2226 930 2301 Videbit
945 2233 1084 2323 impiet,
1109 2224 1153 2310 &⁹
1172 2234 1347 2324 aegerrime
1352 2228 1485 2323 faciet,
1512 2234 1660 2307 dentibus

496 2325 574 2425 sais
587 2324 761 2421 stridebit,
789 2322 832 2409 δ’
847 2324 991 2417 tabescet.
1045 2324 1215 2419 Cupiditas
1229 2331 1398 2422 impiarum
1409 2333 1542 2423 peribit.
1592 2330 1678 2406 Cu.

501 2428 560 2519 jus
592 2422 711 2499 versus
742 2424 815 2499 duo
844 2419 923 2497 sunt
948 2424 1126 2497 membra:
1160 2445 1313 2517 quorum
1334 2430 1474 2499 aiteram
1496 2428 1661 2503 continet

503 2520 697 2619 impiorum
721 2522 849 2596 sortem
868 2519 1097 2595 infelicem-dt
1111 2518 1294 2609 miseram,
1319 2543 1365 2596 eo
1380 2536 1561 2618 tempore,
1588 2546 1660 2618 quo

504 2605 1677 2812 assassinisirrestaurataestar·

999 2764 1011 2804 2
1647 2755 1663 2791 “,

504 2815 782 2899 firmationem..
811 2811 908 2885 Prius
929 2814 982 2885 his
996 2813 1131 2886 verbis:
1160 2815 1283 2885 videbit
1298 2820 1342 2886 im
1365 2822 1436 2908 ius,
1463 2814 1507 2899 ἐφ’
1520 2821 1662 2914 aegerri-

504 2937 557 2989 me
572 2908 632 3007 ipfi
648 2914 734 2997 erit,·
749 2910 907 2981 dentibus
913 2907 988 3005 suis
1001 2906 1158 2997 frendet,
1185 2908 1227 2993 ἐξ
1242 2830 1395 3006 dipsadis.
1434 2912 1574 3011 Quibus
1588 2938 1664 2991 non

505 3021 649 3085 tanturn
663 3005 857 3103 indignatio
873 3006 907 3079 ta
923 3002 1064 3080 tabifica
1075 3004 1206 3082 invidia
1223 3007 1414 3101 impiorum
1426 3010 1661 3106 significatur,

699 1838 774 1928 stit,
803 1839 910 1914 etiam
931 1836 1129 1933 infamiae,
1156 1836 1217 1911 seu
1241 1836 1407 1932 posteris,
1433 1841 1525 1933 ejus;
1548 1857 1591 1919 ut
1633 1840 1658 1920 s.
1779 1860 1792 1877 '

505 3106 568 3184 sed
588 3106 688 3182 timul
709 3102 901 3181 miserrima
923 3124 1051 3177 eorum
1073 3103 1254 3192 conditio,
1281 3127 1362 3179 curn
1379 3106 1447 3179 illis
1466 3110 1662 3187 adfetiibus
1777 3121 1782 3128 '

506 3205 708 3298 coniundia.
760 3200 880 3283 Verba
895 3203 999 3275 eninr
1027 3222 1064 3272 ae
1088 3205 1201 3275 errime
1218 3200 1333 3293 faeere
1356 3203 1391 3276 dt
1417 3204 1588 3302 tabescere,
1620 3207 1665 3282 ad

503 3302 683 3381 miseriam
700 3300 897 3375 irritantem
908 3350 919 3389 ,
930 3300 965 3373 dt
978 3224 1260 3388 conffimentem,
1276 3300 1420 3388 ducunt.
1435 3304 1492 3377 Sic
1509 3332 1568 3387 aaa
1582 3308 1662 3399 aliq.
1715 3373 1722 3382 .

507 3403 598 3477 dicit
625 3398 809 3493 misniam,
841 3420 919 3493 quae
939 3419 967 3471 ae
993 3396 1175 3473 simoniam
1199 3398 1533 3496 &indignationem
1558 3404 1665 3476 vehe-

511 3496 755 3573 mentiffimam
778 3496 869 3583 ciet,
900 3510 939 3569 ut
956 3418 1036 3587 fob.
1055 3514 1104 3569 vr:
1121 3518 1154 3570 e.
1169 3500 1310 3584 aiterum
1325 3501 1474 3571 verbum
1492 3526 1551 3571 aaa
1566 3502 1664 3593 iique·

342 3576 347 3585 ’
427 3658 432 3665 .
503 3592 605 3685 fieri,
640 3593 817 3685 adimere,
845 3592 1025 3685 speciatim
1048 3596 1084 3667 in
1108 3616 1153 3667 eo
1175 3594 1384 3689 adhibetur,
1408 3596 1469 3689 qui
1492 3610 1590 3672 totus
1607 3618 1667 3670 ex·

512 3690 670 3768 hartritur
685 3688 752 3767 &o
800 3690 948 3789 Reliqua
963 3690 1043 3771 sunt
1061 3690 1185 3770 facilia.
1643 3764 1650 3771 .

1467 4147 1672 4271 mmm
