3984 5159
782 365 813 412 fi

408 579 484 637 r„
554 555 919 636 renata
984 511 1236 646 extuat.
1318 591 1386 665 701

233 745 426 846 deprecor,
450 767 491 816 ne
512 744 654 830 omitt,-
680 755 820 829 certus,
849 753 888 814 te
911 763 976 814 non
1001 757 1189 818 emturum.
1238 743 1390 838 Subjmr-

232 851 283 947 git
307 867 396 918 vero
418 840 503 913 illud
535 840 576 912 ad
602 839 816 933 iuperiorem
846 838 1091 934 precationem
1119 843 1388 938 explicandam

233 939 536 1022 &edifficultate
564 935 807 1028 liberandam3
845 951 1033 1029 oraverat,
1065 953 1104 1014 ut
1134 938 1233 1014 Deus
1260 960 1392 1016 contra

232 1041 354 1117 hostes
378 1041 412 1111 ie
435 1035 552 1109 audiat
570 1057 636 1130 pro
652 1031 786 1129 iustitia
797 1030 886 1128 suo.-
914 1034 1010 1126 quod
1034 1057 1103 1127 qua
1122 1038 1261 1112 ratione
1286 1037 1389 1114 intel·

233 1137 364 1213 renum
381 1135 489 1221 velit,
505 1149 546 1206 ut
558 1132 772 1220 declararet,
793 1129 892 1206 simul
914 1129 948 1203 se
960 1127 1005 1204 ad
1016 1129 1185 1223 justitiam
1205 1134 1276 1208 Dei
1291 1135 1387 1210 recte

235 1253 456 1336 provocare,
494 1247 535 1304 ut
560 1225 808 1317 confirmaret,
838 1226 1039 1325 subjungit,
1068 1229 1179 1304 Deum
1191 1229 1303 1326 secum
1323 1257 1388 1307 nort

234 1348 413 1410 venturum
435 1334 470 1402 in
487 1329 666 1424 judicium:
708 1325 846 1425 Quibus
869 1326 985 1398 verbis
1005 1323 1093 1402 ficut
1115 1329 1222 1402 tacite
1243 1327 1390 1404 confite-

234 1449 316 1518 tur,
338 1428 374 1502 se
395 1448 516 1501 coram
530 1425 613 1498 Deo
627 1444 730 1496 reum
745 1421 835 1509 effe,
855 1419 890 1494 dr
909 1421 1076 1519 dignum,
1098 1426 1159 1518 qui
1175 1423 1333 1500 hostibus
1346 1427 1390 1500 ad

236 1525 384 1602 exititun
407 1523 634 1611 traderetur,
664 1519 825 1613 adeoque
849 1518 916 1594 hac
938 1534 1039 1617 parte
1065 1542 1139 1596 non
1161 1522 1204 1595 ad
1222 1521 1390 1618 justitiam

233 1623 306 1700 Dei
329 1622 548 1720 confugere3
576 1619 624 1693 ito
642 1639 718 1692 non
742 1631 880 1691 tantum
893 1615 1299 1716 deprecaturjudicium,
1321 1643 1390 1696 nec

235 1723 308 1797 hoc
329 1722 503 1819 praecipue
525 1713 701 1802 intendit,
724 1711 784 1788 sed
800 1711 836 1786 se
858 1713 924 1787 hac
942 1730 1043 1811 parte
1067 1715 1228 1794 securum
1245 1715 1315 1791 eise
1330 1719 1390 1792 de·

237 1821 364 1909 clarat,
389 1819 478 1892 adeo
500 1829 563 1902 ut,
576 1810 744 1910 justitiam
756 1809 828 1884 Dei
841 1809 936 1884 reete
952 1814 1141 1908 implorare
1160 1815 1196 1889 se
1214 1814 1388 1912 potuiffe,

116 1916 121 2005 '‚
234 1917 440 2003 adseveret,
468 1910 536 1985 acii
555 1911 771 1984 haberetur:
802 1906 950 2004 responde
972 1913 1053 1985 mihi
1072 1926 1131 2006 pro
1146 1911 1279 2010 justitia
1302 1926 1390 2003 tua,

117 2008 119 2027 '
234 2037 312 2090 non
333 2036 400 2106 qua
420 2027 567 2108 peccata
588 2008 772 2082 hominurn
794 2006 832 2081 in
852 2021 889 2081 te
910 2007 1090 2082 commiffa
1113 2009 1235 2084 severe
1258 2012 1389 2106 punis,

237 2110 300 2188 sed
320 2107 446 2204 justam
473 2104 610 2182 causam
631 2105 834 2179 innocentis
852 2119 979 2179 contra
1008 2106 1187 2182 violentos
1210 2108 1389 2205 oppreiio-

235 2230 293 2284 res
315 2206 492 2296 vindicas3
523 2203 656 2293 etenim
679 2201 796 2298 quoad
816 2203 975 2299 priorem
996 2225 1075 2278 earn
1092 2203 1282 2298 iustitiam,
1310 2226 1390 2300 quae

237 2327 297 2384 tne
317 2304 594 2394 condemnaret,
616 2315 737 2374 cortus
755 2298 851 2387 sum,
879 2313 917 2375 te
934 2323 1055 2374 mecum
1077 2325 1140 2375 non
1160 2319 1337 2376 uenturum
1352 2309 1390 2376 in

117 2424 118 2429 ‘
234 2404 428 2503 juditium
460 2399 554 2494 quod
580 2399 685 2475 etiam
706 2397 904 2495 deprecor:
932 2393 1010 2470 fieri
1033 2397 1128 2472 enim
1149 2420 1224 2474 non
1246 2398 1390 2495 potest,

237 2515 283 2577 ut
301 2500 351 2575 ita
371 2522 442 2572 cum
459 2493 553 2588 [troo
576 2512 630 2571 tuo
651 2517 744 2594 agas.
794 2491 962 2569 Ceterum
984 2491 1130 2591 phrans,
1148 2501 1282 2586 uenire,
1307 2519 1390 2592 pro·
1523 2523 1528 2536 ·

237 2598 316 2693 prie
339 2601 560 2671 interrorem
584 2597 692 2691 aliquo
714 2598 751 2667 in
769 2592 951 2688 judicium,
980 2593 1128 2665 hicnon
1148 2589 1219 2680 est,
1247 2608 1288 2668 ut
1307 2593 1391 2687 job.

240 2718 290 2772 rx:
315 2718 374 2790 32.
403 2694 437 2767 dc
463 2714 573 2766 xxrr:
594 2714 630 2782 4.
660 2691 761 2764 litem
784 2711 865 2763 cum
886 2689 1006 2782 aliquo
1033 2709 1138 2800 agere
1162 2712 1281 2766 coram
1302 2691 1391 2765 arbi-

238 2793 321 2878 tris,
344 2791 404 2863 sed
425 2809 574 2861 eramen
592 2787 758 2876 judiciale
779 2783 987 2876 instituere,
1008 2784 1041 2858 dr
1060 2785 1230 2879 Judicium
1247 2809 1390 2864 exerce-

236 2907 292 2963 re.
341 2883 435 2957 Deus
457 2883 554 2957 enirn
582 2883 640 2955 hic
658 2882 818 2958 occurrit
841 2904 917 2956 non
942 2898 1105 2979 tanquam
1127 2886 1307 2963 accusator
1328 2903 1389 2962 aut

237 2983 477 3077 disceptator,
491 2978 548 3051 sed
562 2978 691 3071 judex,
706 2994 747 3052 ut
761 2976 1156 3074 exseq..phraii,rru11us
1172 3008 1277 3058 coram
1291 2998 1323 3058 te
1332 2986 1388 3080 jn·

228 3079 307 3177 stur
328 3081 415 3167 erit,
443 3074 666 3153 manifestum
685 3074 751 3151 est.
799 3072 949 3152 Facilior
962 3077 1163 3156 forethanc
1178 3083 1215 3155 in
1230 3094 1390 3156 mentem

237 3176 388 3278 phrafis,
413 3171 520 3268 fipro
543 3201 615 3250 etan
638 3176 816 3274 legeretur
837 3177 1082 3267 ornatiores,
1107 3193 1148 3252 ut
1162 3177 1243 3272 Job.
1261 3197 1336 3256 xrv:
1353 3198 1387 3270 3.

237 3277 393 3348 adducor
415 3272 512 3347 enim
535 3273 571 3347 in
583 3273 753 3364 judicium
769 3270 821 3347 est
830 3273 977 3366 judicis,
1003 3272 1047 3347 de
1063 3294 1125 3348 reo
1139 3273 1248 3348 arturi
1266 3273 1388 3350 &sen-

238 3372 387 3450 tentiam
409 3370 695 3464 pronunciaturi3
728 3391 796 3464 qua
815 3371 955 3447 ratione
974 3371 1086 3443 vertit
1104 3371 1234 3464 Syrus:
1261 3372 1405 3449 litteru-

237 3491 328 3546 vero
349 3466 550 3544 nazaraene
563 3468 837 3560 permiscentur:
863 3466 991 3540 nvero
1004 3467 1185 3561 receptior
1199 3465 1304 3543 remo
1319 3469 1390 3544 ser·

239 3583 366 3654 vetur,
392 3562 488 3658 quod
503 3562 602 3638 forte
616 3563 726 3637 tutius
741 3560 816 3653 est,
841 3568 1041 3637 omitterem
1055 3567 1162 3659 aliquo
1178 3570 1215 3638 in
1228 3568 1389 3662 judicium

237 3663 333 3739 idem
357 3663 446 3752 erit,
472 3662 710 3749 recidererc,
736 3660 772 3733 u
792 3659 835 3732 de
852 3661 962 3756 judice
978 3660 1208 3754 capiendum,
1234 3667 1293 3758 qui
1306 3669 1398 3743 cuni-

238 3785 304 3838 reo
318 3767 426 3834 intrat
444 3764 481 3833 in
502 3759 627 3832 domum
637 3759 781 3854 judicii,
804 3773 846 3832 ut
860 3755 983 3834 Chald
996 3757 1169 3851 reddidit,
1193 3774 1233 3834 ut
1251 3761 1295 3834 de
1309 3785 1389 3839 cau·

240 3859 276 3936 sa
296 3859 374 3948 ejus
393 3857 547 3950 judicet3
579 3856 640 3928 vei
663 3859 777 3928 uenire
798 3852 1005 3930 sumendum
1027 3854 1079 3930 est
1099 3879 1167 3951 pro
1188 3871 1269 3937 curn
1278 3857 1390 3952 studio

241 3957 397 4052 adgredi,
421 3954 477 4030 uti
494 3953 681 4048 aliquando
699 3951 905 4046 usurpator,
930 3952 982 4028 Ps.
1007 3975 1104 4027 axrr:
1129 3955 1184 4030 16.
1207 3953 1280 4048 Jer.
1303 3978 1337 4032 t:
1352 3979 1390 4048 5.

241 4053 305 4128 ubi
318 4051 389 4127 vid.
411 4048 517 4127 dieta:
544 4049 579 4128 dt
600 4048 718 4132 sensus
731 4049 885 4223 etita-ne
901 4047 1056 4144 instituat
1065 4052 1227 4149 judiciem
1243 4051 1393 4148 cumscr-

850 4160 958 4244 ttt3
1075 4207 1078 4216 .
1351 4173 1395 4228 oo
