<?xml version="1.0" encoding="UTF-8"?>
<!DOCTYPE html PUBLIC "-//W3C//DTD XHTML 1.0 Transitional//EN"
    "http://www.w3.org/TR/xhtml1/DTD/xhtml1-transitional.dtd">
<html xmlns="http://www.w3.org/1999/xhtml" xml:lang="en" lang="en">
 <head>
  <title>
</title>
<meta http-equiv="Content-Type" content="text/html;charset=utf-8" />
  <meta name='ocr-system' content='tesseract 3.04.00' />
  <meta name='ocr-capabilities' content='ocr_page ocr_carea ocr_par ocr_line ocrx_word'/>
</head>
<body>
  <div class='ocr_page' id='page_1' title='image "./hermannivenemac03venegoog_0703.png"; bbox 0 0 3984 5159; ppageno 0'>
   <div class='ocr_carea' id='block_1_1' title="bbox 635 437 1641 600">
    <p class='ocr_par' dir='ltr' id='par_1_1' title="bbox 635 437 1641 600">
     <span class='ocr_line' id='line_1_1' title="bbox 635 437 1641 600; baseline -0.014 -16"><span class='ocrx_word' id='word_1_1' title='bbox 635 477 707 600; x_wconf 73' lang='lat' dir='ltr'>na</span> <span class='ocrx_word' id='word_1_2' title='bbox 820 437 1641 576; x_wconf 73' lang='lat' dir='ltr'>commentarius</span> 
     </span>
    </p>
   </div>
   <div class='ocr_carea' id='block_1_2' title="bbox 537 681 1822 3995">
    <p class='ocr_par' dir='ltr' id='par_1_2' title="bbox 641 681 1771 1640">
     <span class='ocr_line' id='line_1_2' title="bbox 641 681 1767 786; baseline -0.001 -25"><span class='ocrx_word' id='word_1_3' title='bbox 641 703 730 786; x_wconf 83' lang='lat' dir='ltr'>get,</span> <span class='ocrx_word' id='word_1_4' title='bbox 753 685 1016 784; x_wconf 81' lang='lat' dir='ltr'>supplicatque,</span> <span class='ocrx_word' id='word_1_5' title='bbox 1043 708 1090 762; x_wconf 87' lang='lat' dir='ltr'>ne</span> <span class='ocrx_word' id='word_1_6' title='bbox 1114 687 1214 762; x_wconf 88' lang='lat' dir='ltr'>Deus</span> <span class='ocrx_word' id='word_1_7' title='bbox 1239 686 1374 762; x_wconf 85' lang='lat' dir='ltr'>faciem</span> <span class='ocrx_word' id='word_1_8' title='bbox 1403 683 1508 761; x_wconf 84' lang='lat' dir='ltr'>suam</span> <span class='ocrx_word' id='word_1_9' title='bbox 1538 681 1767 760; x_wconf 75' lang='lat' dir='ltr'>diutiualeoe</span> 
     </span>
     <span class='ocr_line' id='line_1_3' title="bbox 643 781 1769 883; baseline -0.003 -25"><span class='ocrx_word' id='word_1_10' title='bbox 643 787 780 877; x_wconf 89' lang='lat' dir='ltr'>cultet,</span> <span class='ocrx_word' id='word_1_11' title='bbox 804 784 946 882; x_wconf 84' lang='lat' dir='ltr'>ipseque</span> <span class='ocrx_word' id='word_1_12' title='bbox 970 784 1130 860; x_wconf 88' lang='lat' dir='ltr'>violenta</span> <span class='ocrx_word' id='word_1_13' title='bbox 1153 807 1195 874; x_wconf 84' lang='lat' dir='ltr'>ac</span> <span class='ocrx_word' id='word_1_14' title='bbox 1218 784 1473 883; x_wconf 85' lang='lat' dir='ltr'>ignominiosa</span> <span class='ocrx_word' id='word_1_15' title='bbox 1487 798 1600 866; x_wconf 86' lang='lat' dir='ltr'>morte</span> <span class='ocrx_word' id='word_1_16' title='bbox 1618 781 1720 854; x_wconf 79' lang='lat' dir='ltr'>evivit</span> <span class='ocrx_word' id='word_1_17' title='bbox 1731 804 1769 855; x_wconf 87' lang='lat' dir='ltr'>au</span> 
     </span>
     <span class='ocr_line' id='line_1_4' title="bbox 643 877 1764 978; baseline -0.007 -22"><span class='ocrx_word' id='word_1_18' title='bbox 643 881 804 974; x_wconf 82' lang='lat' dir='ltr'>seratur3</span> <span class='ocrx_word' id='word_1_19' title='bbox 822 885 882 957; x_wconf 91' lang='lat' dir='ltr'>sed</span> <span class='ocrx_word' id='word_1_20' title='bbox 898 887 987 958; x_wconf 91' lang='lat' dir='ltr'>utin</span> <span class='ocrx_word' id='word_1_21' title='bbox 1007 883 1064 956; x_wconf 86' lang='lat' dir='ltr'>via</span> <span class='ocrx_word' id='word_1_22' title='bbox 1078 881 1121 955; x_wconf 93' lang='lat' dir='ltr'>ad</span> <span class='ocrx_word' id='word_1_23' title='bbox 1135 881 1262 958; x_wconf 89' lang='lat' dir='ltr'>statum</span> <span class='ocrx_word' id='word_1_24' title='bbox 1282 889 1512 978; x_wconf 87' lang='lat' dir='ltr'>prolperum</span> <span class='ocrx_word' id='word_1_25' title='bbox 1529 879 1679 953; x_wconf 84' lang='lat' dir='ltr'>&amp;tutum</span> <span class='ocrx_word' id='word_1_26' title='bbox 1691 877 1764 949; x_wconf 83' lang='lat' dir='ltr'>allen</span> 
     </span>
     <span class='ocr_line' id='line_1_5' title="bbox 647 978 1762 1072; baseline -0.008 -18"><span class='ocrx_word' id='word_1_27' title='bbox 647 983 824 1072; x_wconf 89' lang='lat' dir='ltr'>ducatur,</span> <span class='ocrx_word' id='word_1_28' title='bbox 862 1003 903 1054; x_wconf 87' lang='lat' dir='ltr'>ac</span> <span class='ocrx_word' id='word_1_29' title='bbox 926 979 1079 1055; x_wconf 88' lang='lat' dir='ltr'>bostium</span> <span class='ocrx_word' id='word_1_30' title='bbox 1111 978 1330 1054; x_wconf 84' lang='lat' dir='ltr'>infestationi</span> <span class='ocrx_word' id='word_1_31' title='bbox 1364 981 1557 1072; x_wconf 84' lang='lat' dir='ltr'>eripiatur</span> <span class='ocrx_word' id='word_1_32' title='bbox 1589 991 1762 1068; x_wconf 76' lang='lat' dir='ltr'>quantenus:</span> 
     </span>
     <span class='ocr_line' id='line_1_6' title="bbox 648 1072 1769 1172; baseline -0.009 -20"><span class='ocrx_word' id='word_1_33' title='bbox 648 1078 813 1172; x_wconf 87' lang='lat' dir='ltr'>quando,</span> <span class='ocrx_word' id='word_1_34' title='bbox 837 1075 963 1151; x_wconf 88' lang='lat' dir='ltr'><strong>fiducia</strong></span> <span class='ocrx_word' id='word_1_35' title='bbox 983 1091 1182 1169; x_wconf 85' lang='lat' dir='ltr'>concepta,</span> <span class='ocrx_word' id='word_1_36' title='bbox 1208 1094 1307 1166; x_wconf 92' lang='lat' dir='ltr'>orat,</span> <span class='ocrx_word' id='word_1_37' title='bbox 1335 1095 1381 1150; x_wconf 92' lang='lat' dir='ltr'>ut</span> <span class='ocrx_word' id='word_1_38' title='bbox 1408 1091 1524 1169; x_wconf 86' lang='lat' dir='ltr'>aptus</span> <span class='ocrx_word' id='word_1_39' title='bbox 1545 1073 1608 1145; x_wconf 87' lang='lat' dir='ltr'>liat</span> <span class='ocrx_word' id='word_1_40' title='bbox 1623 1072 1769 1144; x_wconf 77' lang='lat' dir='ltr'>Deirolno</span> 
     </span>
     <span class='ocr_line' id='line_1_7' title="bbox 651 1165 1768 1266; baseline -0.012 -16"><span class='ocrx_word' id='word_1_41' title='bbox 651 1193 762 1251; x_wconf 90' lang='lat' dir='ltr'>tatem</span> <span class='ocrx_word' id='word_1_42' title='bbox 789 1177 931 1259; x_wconf 87' lang='lat' dir='ltr'>facere,</span> <span class='ocrx_word' id='word_1_43' title='bbox 965 1173 1000 1244; x_wconf 81' lang='lat' dir='ltr'>dr</span> <span class='ocrx_word' id='word_1_44' title='bbox 1020 1171 1238 1248; x_wconf 88' lang='lat' dir='ltr'>certiffimam</span> <span class='ocrx_word' id='word_1_45' title='bbox 1261 1177 1355 1248; x_wconf 87' lang='lat' dir='ltr'>luam</span> <span class='ocrx_word' id='word_1_46' title='bbox 1382 1177 1492 1266; x_wconf 90' lang='lat' dir='ltr'>lpem</span> <span class='ocrx_word' id='word_1_47' title='bbox 1518 1167 1717 1254; x_wconf 78' lang='lat' dir='ltr'>testificatur,</span> <span class='ocrx_word' id='word_1_48' title='bbox 1732 1165 1768 1238; x_wconf 82' lang='lat' dir='ltr'>lo</span> 
     </span>
     <span class='ocr_line' id='line_1_8' title="bbox 653 1265 1771 1364; baseline -0.011 -18"><span class='ocrx_word' id='word_1_49' title='bbox 653 1295 714 1360; x_wconf 90' lang='lat' dir='ltr'>re,</span> <span class='ocrx_word' id='word_1_50' title='bbox 740 1287 781 1344; x_wconf 92' lang='lat' dir='ltr'>ut</span> <span class='ocrx_word' id='word_1_51' title='bbox 802 1294 823 1343; x_wconf 88' lang='lat' dir='ltr'>a</span> <span class='ocrx_word' id='word_1_52' title='bbox 841 1268 964 1363; x_wconf 87' lang='lat' dir='ltr'>spiritu</span> <span class='ocrx_word' id='word_1_53' title='bbox 986 1269 1057 1343; x_wconf 92' lang='lat' dir='ltr'>Dei</span> <span class='ocrx_word' id='word_1_54' title='bbox 1071 1271 1107 1344; x_wconf 91' lang='lat' dir='ltr'>in</span> <span class='ocrx_word' id='word_1_55' title='bbox 1124 1284 1217 1346; x_wconf 86' lang='lat' dir='ltr'>terra</span> <span class='ocrx_word' id='word_1_56' title='bbox 1231 1271 1333 1364; x_wconf 86' lang='lat' dir='ltr'>plana</span> <span class='ocrx_word' id='word_1_57' title='bbox 1350 1271 1591 1356; x_wconf 77' lang='lat' dir='ltr'>deducatur,</span> <span class='ocrx_word' id='word_1_58' title='bbox 1617 1265 1771 1338; x_wconf 83' lang='lat' dir='ltr'>rellitnur·</span> 
     </span>
     <span class='ocr_line' id='line_1_9' title="bbox 654 1359 1769 1464; baseline -0.011 -23"><span class='ocrx_word' id='word_1_59' title='bbox 654 1391 723 1462; x_wconf 90' lang='lat' dir='ltr'>que</span> <span class='ocrx_word' id='word_1_60' title='bbox 745 1369 782 1438; x_wconf 91' lang='lat' dir='ltr'>in</span> <span class='ocrx_word' id='word_1_61' title='bbox 810 1365 1008 1462; x_wconf 83' lang='lat' dir='ltr'>integrum,</span> <span class='ocrx_word' id='word_1_62' title='bbox 1041 1370 1084 1442; x_wconf 90' lang='lat' dir='ltr'>ab</span> <span class='ocrx_word' id='word_1_63' title='bbox 1112 1369 1211 1444; x_wconf 90' lang='lat' dir='ltr'>omni</span> <span class='ocrx_word' id='word_1_64' title='bbox 1236 1365 1393 1464; x_wconf 83' lang='lat' dir='ltr'>angustia</span> <span class='ocrx_word' id='word_1_65' title='bbox 1419 1368 1622 1450; x_wconf 86' lang='lat' dir='ltr'>liberatus,</span> <span class='ocrx_word' id='word_1_66' title='bbox 1642 1359 1769 1449; x_wconf 78' lang='lat' dir='ltr'>boloque</span> 
     </span>
     <span class='ocr_line' id='line_1_10' title="bbox 652 1455 1771 1553; baseline -0.004 -18"><span class='ocrx_word' id='word_1_67' title='bbox 652 1483 675 1535; x_wconf 92' lang='lat' dir='ltr'>e</span> <span class='ocrx_word' id='word_1_68' title='bbox 697 1462 817 1538; x_wconf 90' lang='lat' dir='ltr'>medio</span> <span class='ocrx_word' id='word_1_69' title='bbox 839 1463 1029 1553; x_wconf 90' lang='lat' dir='ltr'>tollantur,</span> <span class='ocrx_word' id='word_1_70' title='bbox 1054 1465 1143 1540; x_wconf 90' lang='lat' dir='ltr'>licut</span> <span class='ocrx_word' id='word_1_71' title='bbox 1156 1463 1254 1539; x_wconf 86' lang='lat' dir='ltr'>Deus</span> <span class='ocrx_word' id='word_1_72' title='bbox 1270 1481 1371 1540; x_wconf 84' lang='lat' dir='ltr'>antea</span> <span class='ocrx_word' id='word_1_73' title='bbox 1390 1465 1528 1540; x_wconf 82' lang='lat' dir='ltr'>olbres</span> <span class='ocrx_word' id='word_1_74' title='bbox 1543 1461 1579 1533; x_wconf 84' lang='lat' dir='ltr'>dt</span> <span class='ocrx_word' id='word_1_75' title='bbox 1597 1455 1771 1534; x_wconf 66' lang='lat' dir='ltr'>contram</span> 
     </span>
     <span class='ocr_line' id='line_1_11' title="bbox 654 1560 1071 1640; baseline -0.002 -3"><span class='ocrx_word' id='word_1_76' title='bbox 654 1560 779 1640; x_wconf 86' lang='lat' dir='ltr'>animae</span> <span class='ocrx_word' id='word_1_77' title='bbox 793 1561 860 1636; x_wconf 82' lang='lat' dir='ltr'>sua</span> <span class='ocrx_word' id='word_1_78' title='bbox 878 1561 1071 1636; x_wconf 87' lang='lat' dir='ltr'>deleverat.</span> 
     </span>
    </p>

    <p class='ocr_par' dir='ltr' id='par_1_3' title="bbox 540 1652 1770 3603">
     <span class='ocr_line' id='line_1_12' title="bbox 705 1652 1770 1758; baseline -0.013 -25"><span class='ocrx_word' id='word_1_79' title='bbox 705 1664 737 1750; x_wconf 85' lang='lat'>§.</span> <span class='ocrx_word' id='word_1_80' title='bbox 758 1657 803 1732; x_wconf 92' lang='lat' dir='ltr'>ll.</span> <span class='ocrx_word' id='word_1_81' title='bbox 829 1657 938 1758; x_wconf 89' lang='lat' dir='ltr'>Quod</span> <span class='ocrx_word' id='word_1_82' title='bbox 966 1672 1212 1758; x_wconf 86' lang='lat' dir='ltr'>argumentum</span> <span class='ocrx_word' id='word_1_83' title='bbox 1238 1673 1280 1735; x_wconf 90' lang='lat' dir='ltr'>ut</span> <span class='ocrx_word' id='word_1_84' title='bbox 1300 1661 1338 1736; x_wconf 92' lang='lat' dir='ltr'>in</span> <span class='ocrx_word' id='word_1_85' title='bbox 1364 1683 1461 1736; x_wconf 91' lang='lat' dir='ltr'>vera</span> <span class='ocrx_word' id='word_1_86' title='bbox 1488 1657 1554 1735; x_wconf 88' lang='lat' dir='ltr'>sua</span> <span class='ocrx_word' id='word_1_87' title='bbox 1576 1657 1653 1730; x_wconf 88' lang='lat' dir='ltr'>luce</span> <span class='ocrx_word' id='word_1_88' title='bbox 1670 1652 1770 1726; x_wconf 80' lang='lat' dir='ltr'>tollore</span> 
     </span>
     <span class='ocr_line' id='line_1_13' title="bbox 540 1747 1769 1856; baseline -0.002 -23"><span class='ocrx_word' id='word_1_89' title='bbox 540 1851 543 1856; x_wconf 82' lang='lat'>.</span> <span class='ocrx_word' id='word_1_90' title='bbox 655 1771 716 1833; x_wconf 87' lang='lat' dir='ltr'>tur</span> <span class='ocrx_word' id='word_1_91' title='bbox 743 1787 777 1830; x_wconf 78' lang='lat' dir='ltr'>a.</span> <span class='ocrx_word' id='word_1_92' title='bbox 798 1757 841 1830; x_wconf 89' lang='lat' dir='ltr'>ad</span> <span class='ocrx_word' id='word_1_93' title='bbox 862 1755 1049 1852; x_wconf 84' lang='lat' dir='ltr'>personam</span> <span class='ocrx_word' id='word_1_94' title='bbox 1071 1757 1268 1850; x_wconf 86' lang='lat' dir='ltr'>loquentis,</span> <span class='ocrx_word' id='word_1_95' title='bbox 1293 1759 1544 1853; x_wconf 88' lang='lat' dir='ltr'>&amp;qualitates</span> <span class='ocrx_word' id='word_1_96' title='bbox 1563 1756 1638 1846; x_wconf 87' lang='lat' dir='ltr'>ejus</span> <span class='ocrx_word' id='word_1_97' title='bbox 1654 1747 1769 1830; x_wconf 78' lang='lat' dir='ltr'>morales,</span> 
     </span>
     <span class='ocr_line' id='line_1_14' title="bbox 654 1849 1770 1940; baseline -0.012 -12"><span class='ocrx_word' id='word_1_98' title='bbox 654 1854 872 1930; x_wconf 85' lang='lat' dir='ltr'>advertenda</span> <span class='ocrx_word' id='word_1_99' title='bbox 899 1852 951 1927; x_wconf 91' lang='lat' dir='ltr'>est</span> <span class='ocrx_word' id='word_1_100' title='bbox 978 1873 1092 1929; x_wconf 89' lang='lat' dir='ltr'>mens.</span> <span class='ocrx_word' id='word_1_101' title='bbox 1156 1851 1362 1932; x_wconf 88' lang='lat' dir='ltr'>Occurrunt</span> <span class='ocrx_word' id='word_1_102' title='bbox 1390 1875 1526 1932; x_wconf 87' lang='lat' dir='ltr'>autem</span> <span class='ocrx_word' id='word_1_103' title='bbox 1560 1854 1618 1926; x_wconf 90' lang='lat' dir='ltr'>bic</span> <span class='ocrx_word' id='word_1_104' title='bbox 1645 1849 1770 1940; x_wconf 75' lang='lat' dir='ltr'>sequentes</span> 
     </span>
     <span class='ocr_line' id='line_1_15' title="bbox 658 1941 1770 2049; baseline -0.008 -22"><span class='ocrx_word' id='word_1_105' title='bbox 658 1952 736 2045; x_wconf 86' lang='lat' dir='ltr'>ejus</span> <span class='ocrx_word' id='word_1_106' title='bbox 757 1950 987 2027; x_wconf 76' lang='lat' dir='ltr'>cbaradteres.</span> <span class='ocrx_word' id='word_1_107' title='bbox 1040 1971 1072 2025; x_wconf 88' lang='lat'>1.</span> <span class='ocrx_word' id='word_1_108' title='bbox 1095 1948 1231 2024; x_wconf 82' lang='lat' dir='ltr'>Primus</span> <span class='ocrx_word' id='word_1_109' title='bbox 1255 1952 1328 2044; x_wconf 90' lang='lat' dir='ltr'>est,</span> <span class='ocrx_word' id='word_1_110' title='bbox 1354 1955 1457 2048; x_wconf 91' lang='lat' dir='ltr'>quod</span> <span class='ocrx_word' id='word_1_111' title='bbox 1473 1951 1679 2049; x_wconf 84' lang='lat' dir='ltr'>lingularem</span> <span class='ocrx_word' id='word_1_112' title='bbox 1688 1941 1770 2048; x_wconf 63' lang='lat' dir='ltr'>halb·</span> 
     </span>
     <span class='ocr_line' id='line_1_16' title="bbox 658 2047 1766 2148; baseline -0.006 -24"><span class='ocrx_word' id='word_1_113' title='bbox 658 2052 705 2124; x_wconf 85' lang='lat' dir='ltr'>rit</span> <span class='ocrx_word' id='word_1_114' title='bbox 728 2048 770 2122; x_wconf 90' lang='lat' dir='ltr'>ad</span> <span class='ocrx_word' id='word_1_115' title='bbox 786 2047 904 2124; x_wconf 90' lang='lat' dir='ltr'>Deum</span> <span class='ocrx_word' id='word_1_116' title='bbox 921 2049 1151 2139; x_wconf 83' lang='lat' dir='ltr'>relationem,</span> <span class='ocrx_word' id='word_1_117' title='bbox 1175 2065 1341 2142; x_wconf 86' lang='lat' dir='ltr'>tanquam</span> <span class='ocrx_word' id='word_1_118' title='bbox 1349 2049 1483 2148; x_wconf 82' lang='lat' dir='ltr'>servus</span> <span class='ocrx_word' id='word_1_119' title='bbox 1499 2051 1581 2142; x_wconf 92' lang='lat' dir='ltr'>ejus</span> <span class='ocrx_word' id='word_1_120' title='bbox 1598 2048 1766 2141; x_wconf 79' lang='lat' dir='ltr'>bononem</span> 
     </span>
     <span class='ocr_line' id='line_1_17' title="bbox 664 2135 1768 2241; baseline -0.01 -22"><span class='ocrx_word' id='word_1_121' title='bbox 664 2167 769 2241; x_wconf 89' lang='lat' dir='ltr'>quem</span> <span class='ocrx_word' id='word_1_122' title='bbox 792 2147 934 2218; x_wconf 90' lang='lat' dir='ltr'>titulum</span> <span class='ocrx_word' id='word_1_123' title='bbox 956 2144 1019 2218; x_wconf 90' lang='lat' dir='ltr'>fibi</span> <span class='ocrx_word' id='word_1_124' title='bbox 1042 2145 1095 2218; x_wconf 87' lang='lat' dir='ltr'>bis</span> <span class='ocrx_word' id='word_1_125' title='bbox 1110 2135 1228 2234; x_wconf 89' lang='lat' dir='ltr'>dedit,</span> <span class='ocrx_word' id='word_1_126' title='bbox 1255 2147 1344 2221; x_wconf 85' lang='lat' dir='ltr'>vers.</span> <span class='ocrx_word' id='word_1_127' title='bbox 1361 2150 1436 2227; x_wconf 83' lang='lat'>2&amp;</span> <span class='ocrx_word' id='word_1_128' title='bbox 1460 2169 1523 2223; x_wconf 51' lang='grc' dir='ltr'>ις’.</span> <span class='ocrx_word' id='word_1_129' title='bbox 1547 2147 1583 2219; x_wconf 80' lang='lat' dir='ltr'>dr</span> <span class='ocrx_word' id='word_1_130' title='bbox 1602 2141 1768 2226; x_wconf 75' lang='lat' dir='ltr'>maererent</span> 
     </span>
     <span class='ocr_line' id='line_1_18' title="bbox 661 2225 1765 2336; baseline -0.014 -22"><span class='ocrx_word' id='word_1_131' title='bbox 661 2242 836 2314; x_wconf 88' lang='lat' dir='ltr'>rationem</span> <span class='ocrx_word' id='word_1_132' title='bbox 851 2257 1062 2316; x_wconf 87' lang='lat' dir='ltr'>moventem</span> <span class='ocrx_word' id='word_1_133' title='bbox 1078 2242 1292 2319; x_wconf 76' lang='lat' dir='ltr'>liberationis</span> <span class='ocrx_word' id='word_1_134' title='bbox 1309 2245 1376 2320; x_wconf 79' lang='lat' dir='ltr'>l&#39;uae</span> <span class='ocrx_word' id='word_1_135' title='bbox 1386 2270 1398 2336; x_wconf 82' lang='lat'>3</span> <span class='ocrx_word' id='word_1_136' title='bbox 1409 2267 1450 2320; x_wconf 89' lang='lat' dir='ltr'>ar</span> <span class='ocrx_word' id='word_1_137' title='bbox 1480 2225 1765 2328; x_wconf 76' lang='lat' dir='ltr'>umentomonvul·</span> 
     </span>
     <span class='ocr_line' id='line_1_19' title="bbox 662 2267 1765 2436; baseline 0 -28"><span class='ocrx_word' id='word_1_138' title='bbox 662 2333 756 2436; x_wconf 83' lang='lat' dir='ltr'>gari,</span> <span class='ocrx_word' id='word_1_139' title='bbox 782 2333 842 2410; x_wconf 92' lang='lat' dir='ltr'>sed</span> <span class='ocrx_word' id='word_1_140' title='bbox 863 2338 1099 2414; x_wconf 84' lang='lat' dir='ltr'>eminentiore</span> <span class='ocrx_word' id='word_1_141' title='bbox 1114 2339 1213 2415; x_wconf 88' lang='lat' dir='ltr'>sensu</span> <span class='ocrx_word' id='word_1_142' title='bbox 1234 2341 1335 2418; x_wconf 78' lang='lat' dir='ltr'>fuille</span> <span class='ocrx_word' id='word_1_143' title='bbox 1357 2267 1558 2435; x_wconf 51' lang='lat' dir='ltr'>ministrum</span> <span class='ocrx_word' id='word_1_144' title='bbox 1576 2339 1651 2414; x_wconf 88' lang='lat' dir='ltr'>Dei.</span> <span class='ocrx_word' id='word_1_145' title='bbox 1690 2349 1713 2399; x_wconf 69' lang='lat' dir='ltr'>t·</span> <span class='ocrx_word' id='word_1_146' title='bbox 1728 2320 1765 2431; x_wconf 65' lang='lat'>35·</span> 
     </span>
     <span class='ocr_line' id='line_1_20' title="bbox 662 2422 1769 2545; baseline 0.001 -37"><span class='ocrx_word' id='word_1_147' title='bbox 662 2433 788 2545; x_wconf 67' lang='lat' dir='ltr'>curdus</span> <span class='ocrx_word' id='word_1_148' title='bbox 813 2431 888 2525; x_wconf 91' lang='lat' dir='ltr'>est,</span> <span class='ocrx_word' id='word_1_149' title='bbox 913 2436 1010 2530; x_wconf 90' lang='lat' dir='ltr'>quod</span> <span class='ocrx_word' id='word_1_150' title='bbox 1030 2433 1197 2534; x_wconf 86' lang='lat' dir='ltr'>flagrante</span> <span class='ocrx_word' id='word_1_151' title='bbox 1222 2439 1411 2515; x_wconf 86' lang='lat' dir='ltr'>admodum</span> <span class='ocrx_word' id='word_1_152' title='bbox 1434 2437 1618 2514; x_wconf 76' lang='lat' dir='ltr'>desiderio</span> <span class='ocrx_word' id='word_1_153' title='bbox 1631 2422 1769 2528; x_wconf 76' lang='lat' dir='ltr'>prasente</span> 
     </span>
     <span class='ocr_line' id='line_1_21' title="bbox 662 2517 1769 2630; baseline -0.01 -24"><span class='ocrx_word' id='word_1_154' title='bbox 662 2529 757 2623; x_wconf 84' lang='lat' dir='ltr'>Det,</span> <span class='ocrx_word' id='word_1_155' title='bbox 780 2549 821 2606; x_wconf 92' lang='lat' dir='ltr'>ut</span> <span class='ocrx_word' id='word_1_156' title='bbox 849 2554 930 2608; x_wconf 92' lang='lat' dir='ltr'>eum</span> <span class='ocrx_word' id='word_1_157' title='bbox 955 2555 1076 2630; x_wconf 81' lang='lat' dir='ltr'>coram</span> <span class='ocrx_word' id='word_1_158' title='bbox 1101 2534 1240 2624; x_wconf 89' lang='lat' dir='ltr'>videat,</span> <span class='ocrx_word' id='word_1_159' title='bbox 1274 2539 1374 2614; x_wconf 87' lang='lat' dir='ltr'>&amp;eo</span> <span class='ocrx_word' id='word_1_160' title='bbox 1397 2535 1569 2626; x_wconf 87' lang='lat' dir='ltr'>fruatur,</span> <span class='ocrx_word' id='word_1_161' title='bbox 1601 2517 1769 2607; x_wconf 76' lang='lat' dir='ltr'>formale</span> 
     </span>
     <span class='ocr_line' id='line_1_22' title="bbox 624 2610 1770 2726; baseline -0.014 -23"><span class='ocrx_word' id='word_1_162' title='bbox 624 2654 628 2661; x_wconf 74' lang='grc'><strong>’</strong></span> <span class='ocrx_word' id='word_1_163' title='bbox 664 2627 760 2720; x_wconf 74' lang='lat' dir='ltr'>diue,</span> <span class='ocrx_word' id='word_1_164' title='bbox 786 2653 900 2726; x_wconf 90' lang='lat' dir='ltr'>eoque</span> <span class='ocrx_word' id='word_1_165' title='bbox 924 2629 1070 2706; x_wconf 89' lang='lat' dir='ltr'>nomine</span> <span class='ocrx_word' id='word_1_166' title='bbox 1093 2632 1299 2726; x_wconf 73' lang='lat' dir='ltr'>presentem</span> <span class='ocrx_word' id='word_1_167' title='bbox 1322 2634 1420 2710; x_wconf 87' lang='lat' dir='ltr'>suum</span> <span class='ocrx_word' id='word_1_168' title='bbox 1442 2635 1602 2720; x_wconf 90' lang='lat' dir='ltr'>statum,</span> <span class='ocrx_word' id='word_1_169' title='bbox 1624 2645 1679 2719; x_wconf 83' lang='lat' dir='ltr'>quo</span> <span class='ocrx_word' id='word_1_170' title='bbox 1693 2610 1770 2688; x_wconf 79' lang='lat' dir='ltr'>eale·</span> 
     </span>
     <span class='ocr_line' id='line_1_23' title="bbox 663 2713 1766 2827; baseline 0.002 -27"><span class='ocrx_word' id='word_1_171' title='bbox 663 2727 797 2803; x_wconf 87' lang='lat' dir='ltr'>licitate</span> <span class='ocrx_word' id='word_1_172' title='bbox 821 2729 980 2822; x_wconf 86' lang='lat' dir='ltr'>privatus</span> <span class='ocrx_word' id='word_1_173' title='bbox 1002 2746 1098 2818; x_wconf 89' lang='lat' dir='ltr'>erat,</span> <span class='ocrx_word' id='word_1_174' title='bbox 1125 2728 1218 2803; x_wconf 90' lang='lat' dir='ltr'>ferre</span> <span class='ocrx_word' id='word_1_175' title='bbox 1240 2755 1312 2806; x_wconf 90' lang='lat' dir='ltr'>non</span> <span class='ocrx_word' id='word_1_176' title='bbox 1332 2735 1507 2827; x_wconf 90' lang='lat' dir='ltr'>potuerit.</span> <span class='ocrx_word' id='word_1_177' title='bbox 1561 2713 1766 2824; x_wconf 48' lang='lat' dir='ltr'>Italicis-,⁶212</span> 
     </span>
     <span class='ocr_line' id='line_1_24' title="bbox 666 2803 1770 2922; baseline -0.015 -22"><span class='ocrx_word' id='word_1_178' title='bbox 666 2829 701 2900; x_wconf 87' lang='lat'>8.</span> <span class='ocrx_word' id='word_1_179' title='bbox 750 2847 785 2918; x_wconf 86' lang='lat'>3.</span> <span class='ocrx_word' id='word_1_180' title='bbox 818 2823 950 2897; x_wconf 85' lang='lat' dir='ltr'>Tertius</span> <span class='ocrx_word' id='word_1_181' title='bbox 969 2825 1041 2915; x_wconf 89' lang='lat' dir='ltr'>est,</span> <span class='ocrx_word' id='word_1_182' title='bbox 1067 2829 1162 2922; x_wconf 88' lang='lat' dir='ltr'>quod</span> <span class='ocrx_word' id='word_1_183' title='bbox 1175 2823 1286 2921; x_wconf 84' lang='lat' dir='ltr'>studio</span> <span class='ocrx_word' id='word_1_184' title='bbox 1307 2831 1540 2908; x_wconf 88' lang='lat' dir='ltr'>voluntatem</span> <span class='ocrx_word' id='word_1_185' title='bbox 1564 2823 1628 2900; x_wconf 91' lang='lat' dir='ltr'>Del</span> <span class='ocrx_word' id='word_1_186' title='bbox 1643 2803 1770 2888; x_wconf 71' lang='lat' dir='ltr'>tamenn</span> 
     </span>
     <span class='ocr_line' id='line_1_25' title="bbox 665 2917 1770 3022; baseline 0 -28"><span class='ocrx_word' id='word_1_187' title='bbox 665 2917 848 3014; x_wconf 87' lang='lat' dir='ltr'>&amp;spiritus</span> <span class='ocrx_word' id='word_1_188' title='bbox 863 2921 1087 3009; x_wconf 76' lang='lat' dir='ltr'>ejusduetum</span> <span class='ocrx_word' id='word_1_189' title='bbox 1105 2925 1292 3018; x_wconf 90' lang='lat' dir='ltr'>sequendi,</span> <span class='ocrx_word' id='word_1_190' title='bbox 1309 2925 1418 3001; x_wconf 89' lang='lat' dir='ltr'>fuerit</span> <span class='ocrx_word' id='word_1_191' title='bbox 1435 2925 1603 3022; x_wconf 88' lang='lat' dir='ltr'>inprimis</span> <span class='ocrx_word' id='word_1_192' title='bbox 1615 2921 1741 2994; x_wconf 74' lang='lat' dir='ltr'>latusdle</span> <span class='ocrx_word' id='word_1_193' title='bbox 1762 2947 1770 2966; x_wconf 91' lang='lat'><strong>·</strong></span> 
     </span>
     <span class='ocr_line' id='line_1_26' title="bbox 666 3003 1770 3120; baseline -0.001 -32"><span class='ocrx_word' id='word_1_194' title='bbox 666 3038 724 3092; x_wconf 77' lang='grc' dir='ltr'>ιο.</span> <span class='ocrx_word' id='word_1_195' title='bbox 774 3037 809 3108; x_wconf 90' lang='lat'>4.</span> <span class='ocrx_word' id='word_1_196' title='bbox 835 3014 984 3118; x_wconf 69' lang='lat' dir='ltr'>Quartus</span> <span class='ocrx_word' id='word_1_197' title='bbox 1007 3019 1078 3110; x_wconf 88' lang='lat' dir='ltr'>est,</span> <span class='ocrx_word' id='word_1_198' title='bbox 1104 3023 1201 3115; x_wconf 90' lang='lat' dir='ltr'>quod</span> <span class='ocrx_word' id='word_1_199' title='bbox 1220 3023 1404 3099; x_wconf 90' lang='lat' dir='ltr'>hominum</span> <span class='ocrx_word' id='word_1_200' title='bbox 1431 3025 1582 3119; x_wconf 90' lang='lat' dir='ltr'>quidem</span> <span class='ocrx_word' id='word_1_201' title='bbox 1595 3003 1770 3120; x_wconf 60' lang='lat' dir='ltr'>respestlgl</span> 
     </span>
     <span class='ocr_line' id='line_1_27' title="bbox 667 3101 1767 3216; baseline -0.004 -25"><span class='ocrx_word' id='word_1_202' title='bbox 667 3115 795 3210; x_wconf 83' lang='lat' dir='ltr'>quibus</span> <span class='ocrx_word' id='word_1_203' title='bbox 824 3116 1083 3212; x_wconf 85' lang='lat' dir='ltr'>exagitabatur,</span> <span class='ocrx_word' id='word_1_204' title='bbox 1120 3105 1252 3210; x_wconf 74' lang='lat' dir='ltr'>bonam,</span> <span class='ocrx_word' id='word_1_205' title='bbox 1289 3122 1347 3196; x_wconf 91' lang='lat' dir='ltr'>sed</span> <span class='ocrx_word' id='word_1_206' title='bbox 1367 3121 1460 3212; x_wconf 91' lang='lat' dir='ltr'>Dei,</span> <span class='ocrx_word' id='word_1_207' title='bbox 1495 3113 1646 3216; x_wconf 87' lang='lat' dir='ltr'>supremi</span> <span class='ocrx_word' id='word_1_208' title='bbox 1664 3101 1767 3212; x_wconf 62' lang='lat' dir='ltr'>,edelr</span> 
     </span>
     <span class='ocr_line' id='line_1_28' title="bbox 557 3205 1768 3315; baseline 0.002 -27"><span class='ocrx_word' id='word_1_209' title='bbox 557 3309 561 3314; x_wconf 14' lang='grc' dir='ltr'><em>ι</em></span> <span class='ocrx_word' id='word_1_210' title='bbox 666 3217 791 3287; x_wconf 82' lang='lat' dir='ltr'>malam</span> <span class='ocrx_word' id='word_1_211' title='bbox 804 3211 974 3302; x_wconf 19' lang='lat' dir='ltr'>,habuerit</span> <span class='ocrx_word' id='word_1_212' title='bbox 996 3211 1272 3306; x_wconf 75' lang='lat' dir='ltr'>conscientiam,</span> <span class='ocrx_word' id='word_1_213' title='bbox 1305 3220 1353 3296; x_wconf 87' lang='lat' dir='ltr'>ita</span> <span class='ocrx_word' id='word_1_214' title='bbox 1367 3235 1406 3295; x_wconf 89' lang='lat' dir='ltr'>ut</span> <span class='ocrx_word' id='word_1_215' title='bbox 1421 3221 1465 3292; x_wconf 93' lang='lat' dir='ltr'>ad</span> <span class='ocrx_word' id='word_1_216' title='bbox 1476 3217 1641 3315; x_wconf 68' lang='lat' dir='ltr'>iustitiam</span> <span class='ocrx_word' id='word_1_217' title='bbox 1652 3205 1706 3277; x_wconf 60' lang='grc' dir='ltr'>ΒΕ]</span> <span class='ocrx_word' id='word_1_218' title='bbox 1714 3208 1768 3290; x_wconf 73' lang='lat'>1³¹⁰·</span> 
     </span>
     <span class='ocr_line' id='line_1_29' title="bbox 625 3297 1767 3406; baseline -0.004 -21"><span class='ocrx_word' id='word_1_219' title='bbox 625 3344 629 3359; x_wconf 93' lang='lat'><em>·</em></span> <span class='ocrx_word' id='word_1_220' title='bbox 667 3331 798 3385; x_wconf 88' lang='lat' dir='ltr'>vocare</span> <span class='ocrx_word' id='word_1_221' title='bbox 825 3310 927 3385; x_wconf 88' lang='lat' dir='ltr'>ausus</span> <span class='ocrx_word' id='word_1_222' title='bbox 954 3309 1063 3384; x_wconf 88' lang='lat' dir='ltr'>fuerit</span> <span class='ocrx_word' id='word_1_223' title='bbox 1086 3328 1211 3388; x_wconf 89' lang='lat' dir='ltr'>contra</span> <span class='ocrx_word' id='word_1_224' title='bbox 1239 3313 1377 3406; x_wconf 89' lang='lat' dir='ltr'>hostes,</span> <span class='ocrx_word' id='word_1_225' title='bbox 1402 3319 1454 3391; x_wconf 90' lang='lat' dir='ltr'>uti</span> <span class='ocrx_word' id='word_1_226' title='bbox 1471 3316 1578 3406; x_wconf 88' lang='lat' dir='ltr'>facit,</span> <span class='ocrx_word' id='word_1_227' title='bbox 1605 3297 1681 3382; x_wconf 82' lang='lat' dir='ltr'>vers·</span> <span class='ocrx_word' id='word_1_228' title='bbox 1696 3303 1767 3405; x_wconf 61' lang='lat' dir='ltr'>pfl·</span> 
     </span>
     <span class='ocr_line' id='line_1_30' title="bbox 666 3393 1764 3506; baseline -0.004 -22"><span class='ocrx_word' id='word_1_229' title='bbox 666 3405 728 3484; x_wconf 89' lang='lat' dir='ltr'>sed</span> <span class='ocrx_word' id='word_1_230' title='bbox 755 3430 874 3484; x_wconf 89' lang='lat' dir='ltr'>coram</span> <span class='ocrx_word' id='word_1_231' title='bbox 906 3407 989 3482; x_wconf 93' lang='lat' dir='ltr'>Deo</span> <span class='ocrx_word' id='word_1_232' title='bbox 1018 3405 1091 3482; x_wconf 89' lang='lat' dir='ltr'>sese</span> <span class='ocrx_word' id='word_1_233' title='bbox 1114 3430 1216 3484; x_wconf 88' lang='lat' dir='ltr'>reum</span> <span class='ocrx_word' id='word_1_234' title='bbox 1235 3409 1472 3506; x_wconf 88' lang='lat' dir='ltr'>profiteatur,</span> <span class='ocrx_word' id='word_1_235' title='bbox 1513 3409 1642 3501; x_wconf 85' lang='lat' dir='ltr'>&amp;ejus</span> <span class='ocrx_word' id='word_1_236' title='bbox 1663 3393 1706 3470; x_wconf 74' lang='lat' dir='ltr'>strl</span> <span class='ocrx_word' id='word_1_237' title='bbox 1741 3400 1764 3454; x_wconf 61' lang='grc' dir='ltr'>Μ</span> 
     </span>
     <span class='ocr_line' id='line_1_31' title="bbox 625 3504 1764 3603; baseline 0.004 -24"><span class='ocrx_word' id='word_1_238' title='bbox 625 3529 634 3554; x_wconf 76' lang='lat'><em>.</em></span> <span class='ocrx_word' id='word_1_239' title='bbox 666 3504 836 3600; x_wconf 88' lang='lat' dir='ltr'>justitiam</span> <span class='ocrx_word' id='word_1_240' title='bbox 853 3507 1092 3600; x_wconf 87' lang='lat' dir='ltr'>injudicando</span> <span class='ocrx_word' id='word_1_241' title='bbox 1106 3507 1339 3603; x_wconf 89' lang='lat' dir='ltr'>deprecetur,</span> <span class='ocrx_word' id='word_1_242' title='bbox 1363 3512 1454 3587; x_wconf 86' lang='lat' dir='ltr'>vers.</span> <span class='ocrx_word' id='word_1_243' title='bbox 1471 3535 1504 3586; x_wconf 86' lang='lat'>2.</span> <span class='ocrx_word' id='word_1_244' title='bbox 1581 3529 1585 3540; x_wconf 84' lang='lat'>&#39;</span> <span class='ocrx_word' id='word_1_245' title='bbox 1751 3569 1764 3584; x_wconf 92' lang='lat'>..</span> 
     </span>
    </p>

    <p class='ocr_par' dir='ltr' id='par_1_4' title="bbox 537 3575 1822 3995">
     <span class='ocr_line' id='line_1_32' title="bbox 548 3575 1822 3708; baseline -0.002 -29"><span class='ocrx_word' id='word_1_246' title='bbox 548 3691 551 3696; x_wconf 42' lang='grc'><strong>,</strong></span> <span class='ocrx_word' id='word_1_247' title='bbox 718 3605 751 3692; x_wconf 80' lang='lat'>§.</span> <span class='ocrx_word' id='word_1_248' title='bbox 768 3613 826 3708; x_wconf 87' lang='lat' dir='ltr'>lll.</span> <span class='ocrx_word' id='word_1_249' title='bbox 876 3609 913 3692; x_wconf 82' lang='grc' dir='ltr'>β.</span> <span class='ocrx_word' id='word_1_250' title='bbox 938 3601 1184 3698; x_wconf 73' lang='lat' dir='ltr'>Charableres,</span> <span class='ocrx_word' id='word_1_251' title='bbox 1216 3609 1274 3701; x_wconf 92' lang='lat' dir='ltr'>qui</span> <span class='ocrx_word' id='word_1_252' title='bbox 1293 3605 1422 3701; x_wconf 82' lang='lat' dir='ltr'>statum</span> <span class='ocrx_word' id='word_1_253' title='bbox 1442 3613 1516 3703; x_wconf 86' lang='lat' dir='ltr'>ejus</span> <span class='ocrx_word' id='word_1_254' title='bbox 1537 3598 1709 3698; x_wconf 59' lang='lat' dir='ltr'>definiunt,</span> <span class='ocrx_word' id='word_1_255' title='bbox 1728 3575 1764 3650; x_wconf 76' lang='lat'>²¹¹¹</span> <span class='ocrx_word' id='word_1_256' title='bbox 1821 3664 1822 3676; x_wconf 70' lang='grc'>,</span> 
     </span>
     <span class='ocr_line' id='line_1_33' title="bbox 537 3690 1764 3799; baseline 0.009 -30"><span class='ocrx_word' id='word_1_257' title='bbox 537 3731 542 3741; x_wconf 91' lang='grc'><strong><em>·</em></strong></span> <span class='ocrx_word' id='word_1_258' title='bbox 666 3697 712 3798; x_wconf 79' lang='lat' dir='ltr'>ad</span> <span class='ocrx_word' id='word_1_259' title='bbox 731 3705 955 3792; x_wconf 73' lang='lat' dir='ltr'>praetoitum,</span> <span class='ocrx_word' id='word_1_260' title='bbox 989 3701 1045 3774; x_wconf 88' lang='lat' dir='ltr'>alii</span> <span class='ocrx_word' id='word_1_261' title='bbox 1068 3703 1112 3775; x_wconf 92' lang='lat' dir='ltr'>ad</span> <span class='ocrx_word' id='word_1_262' title='bbox 1126 3705 1313 3799; x_wconf 77' lang='lat' dir='ltr'>presentem</span> <span class='ocrx_word' id='word_1_263' title='bbox 1332 3704 1500 3799; x_wconf 72' lang='lat' dir='ltr'>spedant.</span> <span class='ocrx_word' id='word_1_264' title='bbox 1548 3727 1580 3777; x_wconf 86' lang='lat' dir='ltr'>a.</span> <span class='ocrx_word' id='word_1_265' title='bbox 1602 3690 1764 3799; x_wconf 64' lang='lat' dir='ltr'>Adpone}</span> 
     </span>
     <span class='ocr_line' id='line_1_34' title="bbox 659 3779 1765 3901; baseline -0.003 -28"><span class='ocrx_word' id='word_1_266' title='bbox 659 3791 926 3901; x_wconf 46' lang='lat' dir='ltr'>[pedemquod</span> <span class='ocrx_word' id='word_1_267' title='bbox 939 3797 1121 3896; x_wconf 88' lang='lat' dir='ltr'>srngularia</span> <span class='ocrx_word' id='word_1_268' title='bbox 1136 3797 1248 3875; x_wconf 90' lang='lat' dir='ltr'>fuerit</span> <span class='ocrx_word' id='word_1_269' title='bbox 1261 3799 1396 3878; x_wconf 83' lang='lat' dir='ltr'>favoris</span> <span class='ocrx_word' id='word_1_270' title='bbox 1408 3804 1442 3878; x_wconf 84' lang='lat' dir='ltr'>dr</span> <span class='ocrx_word' id='word_1_271' title='bbox 1455 3779 1765 3897; x_wconf 63' lang='lat' dir='ltr'>potentiaebnsltl‘</span> 
     </span>
     <span class='ocr_line' id='line_1_35' title="bbox 672 3879 1763 3995; baseline -0.015 -31"><span class='ocrx_word' id='word_1_272' title='bbox 672 3908 770 3964; x_wconf 76' lang='lat' dir='ltr'>muna</span> <span class='ocrx_word' id='word_1_273' title='bbox 782 3908 949 3982; x_wconf 83' lang='lat' dir='ltr'>expertus</span> <span class='ocrx_word' id='word_1_274' title='bbox 962 3897 1000 3970; x_wconf 91' lang='lat' dir='ltr'>in</span> <span class='ocrx_word' id='word_1_275' title='bbox 1014 3893 1064 3970; x_wconf 87' lang='lat' dir='ltr'>sui</span> <span class='ocrx_word' id='word_1_276' title='bbox 1079 3895 1315 3990; x_wconf 87' lang='lat' dir='ltr'>liberatione,</span> <span class='ocrx_word' id='word_1_277' title='bbox 1336 3923 1379 3976; x_wconf 88' lang='lat' dir='ltr'>ac</span> <span class='ocrx_word' id='word_1_278' title='bbox 1394 3899 1652 3995; x_wconf 87' lang='lat' dir='ltr'>persecutorum</span> <span class='ocrx_word' id='word_1_279' title='bbox 1663 3879 1763 3956; x_wconf 78' lang='lat' dir='ltr'>suorum</span> 
     </span>
    </p>
   </div>
   <div class='ocr_carea' id='block_1_3' title="bbox 672 3961 1827 4138">
    <p class='ocr_par' dir='ltr' id='par_1_5' title="bbox 672 3961 1827 4138">
     <span class='ocr_line' id='line_1_36' title="bbox 672 3961 1827 4138; baseline -0.003 -69"><span class='ocrx_word' id='word_1_280' title='bbox 672 3985 991 4116; x_wconf 70' lang='lat' dir='ltr'>exterminatione,</span> <span class='ocrx_word' id='word_1_281' title='bbox 1016 3991 1106 4070; x_wconf 84' lang='lat' dir='ltr'>vers.</span> <span class='ocrx_word' id='word_1_282' title='bbox 1128 4013 1162 4088; x_wconf 86' lang='lat'>5.</span> <span class='ocrx_word' id='word_1_283' title='bbox 1170 4045 1183 4088; x_wconf 94' lang='lat'>,</span> <span class='ocrx_word' id='word_1_284' title='bbox 1208 3995 1243 4072; x_wconf 81' lang='lat' dir='ltr'>dt</span> <span class='ocrx_word' id='word_1_285' title='bbox 1261 4016 1316 4074; x_wconf 86' lang='lat'>12.</span> <span class='ocrx_word' id='word_1_286' title='bbox 1332 3997 1375 4110; x_wconf 66' lang='lat'>,³¹³</span> <span class='ocrx_word' id='word_1_287' title='bbox 1381 3995 1521 4094; x_wconf 74' lang='lat' dir='ltr'>fitundn</span> <span class='ocrx_word' id='word_1_288' title='bbox 1540 3981 1761 4138; x_wconf 46' lang='lat' dir='ltr'>membm’tptd:</span> <span class='ocrx_word' id='word_1_289' title='bbox 1824 3961 1827 4122; x_wconf 47' lang='grc'>1</span> 
     </span>
    </p>
   </div>
   <div class='ocr_carea' id='block_1_4' title="bbox 0 0 2028 5159">
    <p class='ocr_par' dir='ltr' id='par_1_6' title="bbox 0 0 2028 5159">
     <span class='ocr_line' id='line_1_37' title="bbox 0 0 2028 5159; baseline 0 0"><span class='ocrx_word' id='word_1_290' title='bbox 0 0 2028 5159; x_wconf 95' lang='lat' dir='ltr'> </span> 
     </span>
    </p>
   </div>
  </div>
 </body>
</html>
