<?xml version="1.0" encoding="UTF-8"?>
<!DOCTYPE html PUBLIC "-//W3C//DTD XHTML 1.0 Transitional//EN"
    "http://www.w3.org/TR/xhtml1/DTD/xhtml1-transitional.dtd">
<html xmlns="http://www.w3.org/1999/xhtml" xml:lang="en" lang="en">
 <head>
  <title>
</title>
<meta http-equiv="Content-Type" content="text/html;charset=utf-8" />
  <meta name='ocr-system' content='tesseract 3.04.00' />
  <meta name='ocr-capabilities' content='ocr_page ocr_carea ocr_par ocr_line ocrx_word'/>
</head>
<body>
  <div class='ocr_page' id='page_1' title='image "./hermannivenemac03venegoog_0449.png"; bbox 0 0 3984 5159; ppageno 0'>
   <div class='ocr_carea' id='block_1_1' title="bbox 595 499 1769 674">
    <p class='ocr_par' dir='ltr' id='par_1_1' title="bbox 595 499 1769 674">
     <span class='ocr_line' id='line_1_1' title="bbox 595 499 1769 674; baseline -0.008 -21"><span class='ocrx_word' id='word_1_1' title='bbox 595 597 667 674; x_wconf 75' lang='lat'>44·</span> <span class='ocrx_word' id='word_1_2' title='bbox 769 536 1653 653; x_wconf 70' lang='lat' dir='ltr'>commaternitas·</span> <span class='ocrx_word' id='word_1_3' title='bbox 1764 499 1769 504; x_wconf 31' lang='lat'>¹</span> 
     </span>
    </p>
   </div>
   <div class='ocr_carea' id='block_1_2' title="bbox 599 749 1758 958">
    <p class='ocr_par' dir='ltr' id='par_1_2' title="bbox 599 749 1758 958">
     <span class='ocr_line' id='line_1_2' title="bbox 599 749 1758 866; baseline -0.016 -23"><span class='ocrx_word' id='word_1_4' title='bbox 599 765 715 843; x_wconf 89' lang='lat' dir='ltr'>monis</span> <span class='ocrx_word' id='word_1_5' title='bbox 737 764 895 842; x_wconf 89' lang='lat' dir='ltr'>desumta</span> <span class='ocrx_word' id='word_1_6' title='bbox 914 761 1170 859; x_wconf 75' lang='lat' dir='ltr'>precesserint,</span> <span class='ocrx_word' id='word_1_7' title='bbox 1195 761 1285 836; x_wconf 89' lang='lat' dir='ltr'>vers.</span> <span class='ocrx_word' id='word_1_8' title='bbox 1301 763 1339 852; x_wconf 85' lang='lat'>8,</span> <span class='ocrx_word' id='word_1_9' title='bbox 1354 781 1391 855; x_wconf 92' lang='lat'>9.</span> <span class='ocrx_word' id='word_1_10' title='bbox 1447 777 1479 854; x_wconf 81' lang='lat'>3.</span> <span class='ocrx_word' id='word_1_11' title='bbox 1497 749 1665 847; x_wconf 87' lang='lat' dir='ltr'>Denique</span> <span class='ocrx_word' id='word_1_12' title='bbox 1680 751 1758 866; x_wconf 71' lang='lat' dir='ltr'>haec</span> 
     </span>
     <span class='ocr_line' id='line_1_3' title="bbox 599 855 1758 958; baseline -0.01 -22"><span class='ocrx_word' id='word_1_13' title='bbox 599 865 671 958; x_wconf 85' lang='lat' dir='ltr'>ipsa</span> <span class='ocrx_word' id='word_1_14' title='bbox 693 867 823 953; x_wconf 86' lang='lat' dir='ltr'>verba,</span> <span class='ocrx_word' id='word_1_15' title='bbox 847 864 931 937; x_wconf 90' lang='lat' dir='ltr'>iicet</span> <span class='ocrx_word' id='word_1_16' title='bbox 953 865 1055 937; x_wconf 81' lang='lat' dir='ltr'>ahter</span> <span class='ocrx_word' id='word_1_17' title='bbox 1071 861 1250 949; x_wconf 82' lang='lat' dir='ltr'>ordinata,</span> <span class='ocrx_word' id='word_1_18' title='bbox 1274 856 1403 933; x_wconf 89' lang='lat' dir='ltr'>finiunt</span> <span class='ocrx_word' id='word_1_19' title='bbox 1417 875 1541 952; x_wconf 86' lang='lat' dir='ltr'>preces</span> <span class='ocrx_word' id='word_1_20' title='bbox 1555 855 1758 928; x_wconf 76' lang='lat' dir='ltr'>Salomonis</span> 
     </span>
    </p>
   </div>
   <div class='ocr_carea' id='block_1_3' title="bbox 596 949 1862 2120">
    <p class='ocr_par' dir='ltr' id='par_1_3' title="bbox 596 949 1862 1441">
     <span class='ocr_line' id='line_1_4' title="bbox 598 949 1756 1057; baseline -0.015 -21"><span class='ocrx_word' id='word_1_21' title='bbox 598 986 620 1036; x_wconf 80' lang='lat' dir='ltr'>a</span> <span class='ocrx_word' id='word_1_22' title='bbox 637 961 772 1036; x_wconf 88' lang='lat' dir='ltr'>Chron.</span> <span class='ocrx_word' id='word_1_23' title='bbox 787 983 838 1033; x_wconf 88' lang='lat' dir='ltr'>vr:</span> <span class='ocrx_word' id='word_1_24' title='bbox 855 983 912 1050; x_wconf 84' lang='lat'>4²·</span> <span class='ocrx_word' id='word_1_25' title='bbox 949 956 1081 1057; x_wconf 79' lang='lat' dir='ltr'>Jebeva</span> <span class='ocrx_word' id='word_1_26' title='bbox 1097 957 1212 1046; x_wconf 77' lang='lat' dir='ltr'>Deus,</span> <span class='ocrx_word' id='word_1_27' title='bbox 1237 981 1277 1029; x_wconf 85' lang='lat' dir='ltr'>ne</span> <span class='ocrx_word' id='word_1_28' title='bbox 1289 949 1562 1044; x_wconf 81' lang='lat' dir='ltr'>avertatfatt&#39;em</span> <span class='ocrx_word' id='word_1_29' title='bbox 1574 949 1664 1022; x_wconf 74' lang='lat' dir='ltr'>uiui</span> <span class='ocrx_word' id='word_1_30' title='bbox 1680 954 1733 1020; x_wconf 82' lang='lat' dir='ltr'>tui</span> <span class='ocrx_word' id='word_1_31' title='bbox 1741 995 1756 1038; x_wconf 87' lang='lat'>,</span> 
     </span>
     <span class='ocr_line' id='line_1_5' title="bbox 596 1049 1862 1150; baseline -0.012 -19"><span class='ocrx_word' id='word_1_32' title='bbox 596 1059 762 1131; x_wconf 80' lang='lat' dir='ltr'>recordare</span> <span class='ocrx_word' id='word_1_33' title='bbox 782 1060 853 1128; x_wconf 82' lang='lat' dir='ltr'>beni</span> <span class='ocrx_word' id='word_1_34' title='bbox 876 1061 1021 1128; x_wconf 73' lang='lat' dir='ltr'>nitatem</span> <span class='ocrx_word' id='word_1_35' title='bbox 1043 1056 1192 1127; x_wconf 76' lang='lat' dir='ltr'>Decidit</span> <span class='ocrx_word' id='word_1_36' title='bbox 1204 1050 1301 1150; x_wconf 81' lang='lat' dir='ltr'>servi</span> <span class='ocrx_word' id='word_1_37' title='bbox 1327 1059 1397 1125; x_wconf 78' lang='lat' dir='ltr'>tui:</span> <span class='ocrx_word' id='word_1_38' title='bbox 1424 1071 1501 1143; x_wconf 84' lang='lat' dir='ltr'>quae</span> <span class='ocrx_word' id='word_1_39' title='bbox 1524 1049 1636 1122; x_wconf 87' lang='lat' dir='ltr'>verba</span> <span class='ocrx_word' id='word_1_40' title='bbox 1656 1067 1757 1140; x_wconf 81' lang='lat' dir='ltr'>pror·</span> <span class='ocrx_word' id='word_1_41' title='bbox 1858 1117 1862 1127; x_wconf 74' lang='grc'>,</span> 
     </span>
     <span class='ocr_line' id='line_1_6' title="bbox 599 1081 1757 1257; baseline -0.011 -30"><span class='ocrx_word' id='word_1_42' title='bbox 599 1154 656 1228; x_wconf 91' lang='lat' dir='ltr'>sus</span> <span class='ocrx_word' id='word_1_43' title='bbox 670 1152 835 1227; x_wconf 84' lang='lat' dir='ltr'>eundem</span> <span class='ocrx_word' id='word_1_44' title='bbox 853 1081 991 1227; x_wconf 61' lang='lat' dir='ltr'>densum</span> <span class='ocrx_word' id='word_1_45' title='bbox 1005 1153 1183 1239; x_wconf 87' lang='lat' dir='ltr'>fundunt,</span> <span class='ocrx_word' id='word_1_46' title='bbox 1209 1161 1314 1246; x_wconf 89' lang='lat' dir='ltr'>quem&#39;</span> <span class='ocrx_word' id='word_1_47' title='bbox 1332 1145 1472 1237; x_wconf 90' lang='lat' dir='ltr'>nostra,</span> <span class='ocrx_word' id='word_1_48' title='bbox 1494 1158 1626 1257; x_wconf 68' lang='lat' dir='ltr'>prppter</span> <span class='ocrx_word' id='word_1_49' title='bbox 1643 1145 1757 1216; x_wconf 76' lang='lat' dir='ltr'>Davi·</span> 
     </span>
     <span class='ocr_line' id='line_1_7' title="bbox 600 1239 1765 1341; baseline -0.011 -17"><span class='ocrx_word' id='word_1_50' title='bbox 600 1253 671 1324; x_wconf 84' lang='lat' dir='ltr'>dem</span> <span class='ocrx_word' id='word_1_51' title='bbox 684 1251 759 1323; x_wconf 80' lang='lat' dir='ltr'>&amp;ct</span> <span class='ocrx_word' id='word_1_52' title='bbox 785 1249 929 1324; x_wconf 89' lang='lat' dir='ltr'>dubium</span> <span class='ocrx_word' id='word_1_53' title='bbox 944 1271 1034 1324; x_wconf 90' lang='lat' dir='ltr'>vero</span> <span class='ocrx_word' id='word_1_54' title='bbox 1051 1245 1207 1337; x_wconf 87' lang='lat' dir='ltr'>nonest,</span> <span class='ocrx_word' id='word_1_55' title='bbox 1223 1251 1307 1341; x_wconf 89' lang='lat' dir='ltr'>quin</span> <span class='ocrx_word' id='word_1_56' title='bbox 1324 1246 1438 1320; x_wconf 60' lang='lat' dir='ltr'>andus</span> <span class='ocrx_word' id='word_1_57' title='bbox 1454 1243 1523 1317; x_wconf 86' lang='lat' dir='ltr'>Dei</span> <span class='ocrx_word' id='word_1_58' title='bbox 1538 1263 1575 1318; x_wconf 86' lang='lat' dir='ltr'>m</span> <span class='ocrx_word' id='word_1_59' title='bbox 1589 1239 1765 1335; x_wconf 52' lang='lat' dir='ltr'>precibu&amp;</span> 
     </span>
     <span class='ocr_line' id='line_1_8' title="bbox 600 1345 1472 1441; baseline -0.005 -19"><span class='ocrx_word' id='word_1_60' title='bbox 600 1345 798 1422; x_wconf 85' lang='lat' dir='ltr'>Salomonis</span> <span class='ocrx_word' id='word_1_61' title='bbox 815 1348 857 1421; x_wconf 89' lang='lat' dir='ltr'>iit</span> <span class='ocrx_word' id='word_1_62' title='bbox 871 1346 943 1441; x_wconf 91' lang='lat' dir='ltr'>ipse</span> <span class='ocrx_word' id='word_1_63' title='bbox 960 1346 1109 1435; x_wconf 76' lang='lat' dir='ltr'>Sammo,</span> <span class='ocrx_word' id='word_1_64' title='bbox 1134 1347 1195 1438; x_wconf 88' lang='lat' dir='ltr'>qui</span> <span class='ocrx_word' id='word_1_65' title='bbox 1210 1362 1372 1440; x_wconf 81' lang='lat' dir='ltr'>precatus</span> <span class='ocrx_word' id='word_1_66' title='bbox 1384 1361 1472 1418; x_wconf 86' lang='lat' dir='ltr'>erat.</span> 
     </span>
    </p>

    <p class='ocr_par' dir='ltr' id='par_1_4' title="bbox 651 1435 1760 1537">
     <span class='ocr_line' id='line_1_9' title="bbox 651 1435 1760 1537; baseline -0.002 -23"><span class='ocrx_word' id='word_1_67' title='bbox 651 1447 684 1533; x_wconf 86' lang='lat'>§.</span> <span class='ocrx_word' id='word_1_68' title='bbox 707 1442 835 1518; x_wconf 80' lang='lat' dir='ltr'>xxiii.</span> <span class='ocrx_word' id='word_1_69' title='bbox 861 1444 976 1520; x_wconf 86' lang='lat' dir='ltr'>Orant</span> <span class='ocrx_word' id='word_1_70' title='bbox 997 1447 1115 1537; x_wconf 90' lang='lat' dir='ltr'>itaque</span> <span class='ocrx_word' id='word_1_71' title='bbox 1141 1443 1327 1534; x_wconf 79' lang='lat' dir='ltr'>Israelita,</span> <span class='ocrx_word' id='word_1_72' title='bbox 1364 1463 1395 1516; x_wconf 88' lang='lat'>1.</span> <span class='ocrx_word' id='word_1_73' title='bbox 1412 1454 1453 1514; x_wconf 89' lang='lat' dir='ltr'>nt</span> <span class='ocrx_word' id='word_1_74' title='bbox 1474 1438 1574 1513; x_wconf 83' lang='lat' dir='ltr'>Deua</span> <span class='ocrx_word' id='word_1_75' title='bbox 1593 1435 1760 1522; x_wconf 81' lang='lat' dir='ltr'>exaudiat</span> 
     </span>
    </p>

    <p class='ocr_par' dir='ltr' id='par_1_5' title="bbox 597 1535 1765 2120">
     <span class='ocr_line' id='line_1_10' title="bbox 628 1535 1759 1636; baseline -0.003 -24"><span class='ocrx_word' id='word_1_76' title='bbox 628 1560 726 1613; x_wconf 88' lang='lat' dir='ltr'>reces</span> <span class='ocrx_word' id='word_1_77' title='bbox 740 1540 957 1628; x_wconf 89' lang='lat' dir='ltr'>Salomonis,</span> <span class='ocrx_word' id='word_1_78' title='bbox 982 1545 1106 1636; x_wconf 85' lang='lat' dir='ltr'>quibus</span> <span class='ocrx_word' id='word_1_79' title='bbox 1121 1541 1194 1633; x_wconf 83' lang='lat' dir='ltr'>ipre</span> <span class='ocrx_word' id='word_1_80' title='bbox 1208 1539 1400 1632; x_wconf 87' lang='lat' dir='ltr'>Templum</span> <span class='ocrx_word' id='word_1_81' title='bbox 1414 1535 1523 1612; x_wconf 88' lang='lat' dir='ltr'>modo</span> <span class='ocrx_word' id='word_1_82' title='bbox 1541 1537 1759 1616; x_wconf 80' lang='lat' dir='ltr'>initiaverat.</span> 
     </span>
     <span class='ocr_line' id='line_1_11' title="bbox 598 1561 1762 1733; baseline -0.004 -21"><span class='ocrx_word' id='word_1_83' title='bbox 598 1561 694 1712; x_wconf 68' lang='lat' dir='ltr'>dnud</span> <span class='ocrx_word' id='word_1_84' title='bbox 714 1640 810 1714; x_wconf 87' lang='lat' dir='ltr'>enim</span> <span class='ocrx_word' id='word_1_85' title='bbox 830 1639 978 1733; x_wconf 81' lang='lat' dir='ltr'>phrasis,</span> <span class='ocrx_word' id='word_1_86' title='bbox 1003 1662 1067 1711; x_wconf 81' lang='lat' dir='ltr'>non</span> <span class='ocrx_word' id='word_1_87' title='bbox 1081 1633 1363 1726; x_wconf 81' lang='lat' dir='ltr'>averterefatiem</span> <span class='ocrx_word' id='word_1_88' title='bbox 1378 1635 1576 1729; x_wconf 85' lang='lat' dir='ltr'>precantis,</span> <span class='ocrx_word' id='word_1_89' title='bbox 1601 1632 1762 1722; x_wconf 78' lang='lat' dir='ltr'>indicat,</span> 
     </span>
     <span class='ocr_line' id='line_1_12' title="bbox 601 1731 1761 1827; baseline -0.004 -18"><span class='ocrx_word' id='word_1_90' title='bbox 601 1749 645 1810; x_wconf 93' lang='lat' dir='ltr'>ut</span> <span class='ocrx_word' id='word_1_91' title='bbox 665 1735 774 1809; x_wconf 90' lang='lat' dir='ltr'>modo</span> <span class='ocrx_word' id='word_1_92' title='bbox 790 1736 989 1810; x_wconf 87' lang='lat' dir='ltr'>obiervavi.</span> <span class='ocrx_word' id='word_1_93' title='bbox 1029 1734 1097 1810; x_wconf 86' lang='lat' dir='ltr'>Sed</span> <span class='ocrx_word' id='word_1_94' title='bbox 1112 1733 1276 1821; x_wconf 82' lang='lat' dir='ltr'>addatur,</span> <span class='ocrx_word' id='word_1_95' title='bbox 1300 1731 1436 1827; x_wconf 84' lang='lat' dir='ltr'>phrafin</span> <span class='ocrx_word' id='word_1_96' title='bbox 1450 1744 1618 1819; x_wconf 81' lang='lat' dir='ltr'>avertere,</span> <span class='ocrx_word' id='word_1_97' title='bbox 1644 1733 1761 1804; x_wconf 82' lang='lat' dir='ltr'>retroi-</span> 
     </span>
     <span class='ocr_line' id='line_1_13' title="bbox 600 1825 1763 1926; baseline -0.003 -23"><span class='ocrx_word' id='word_1_98' title='bbox 600 1829 782 1922; x_wconf 79' lang='lat' dir='ltr'>refacere,</span> <span class='ocrx_word' id='word_1_99' title='bbox 807 1832 956 1922; x_wconf 88' lang='lat' dir='ltr'>faciem,</span> <span class='ocrx_word' id='word_1_100' title='bbox 983 1854 1058 1907; x_wconf 90' lang='lat' dir='ltr'>non</span> <span class='ocrx_word' id='word_1_101' title='bbox 1075 1830 1277 1926; x_wconf 79' lang='lat' dir='ltr'>simpliciter</span> <span class='ocrx_word' id='word_1_102' title='bbox 1292 1828 1450 1926; x_wconf 74' lang='lat' dir='ltr'>repulsam</span> <span class='ocrx_word' id='word_1_103' title='bbox 1464 1825 1674 1921; x_wconf 70' lang='lat' dir='ltr'>complesti,</span> <span class='ocrx_word' id='word_1_104' title='bbox 1701 1825 1763 1900; x_wconf 88' lang='lat' dir='ltr'>red</span> 
     </span>
     <span class='ocr_line' id='line_1_14' title="bbox 600 1923 1765 2026; baseline -0.005 -23"><span class='ocrx_word' id='word_1_105' title='bbox 600 1932 869 2026; x_wconf 70' lang='lat' dir='ltr'>ignominiosam,</span> <span class='ocrx_word' id='word_1_106' title='bbox 903 1950 970 2021; x_wconf 90' lang='lat' dir='ltr'>qua</span> <span class='ocrx_word' id='word_1_107' title='bbox 993 1933 1070 2021; x_wconf 85' lang='lat' dir='ltr'>quis</span> <span class='ocrx_word' id='word_1_108' title='bbox 1092 1941 1181 2000; x_wconf 81' lang='lat' dir='ltr'>certa</span> <span class='ocrx_word' id='word_1_109' title='bbox 1202 1926 1260 2000; x_wconf 88' lang='lat' dir='ltr'>sua</span> <span class='ocrx_word' id='word_1_110' title='bbox 1277 1925 1336 2020; x_wconf 89' lang='lat' dir='ltr'>spe</span> <span class='ocrx_word' id='word_1_111' title='bbox 1350 1925 1504 2012; x_wconf 82' lang='lat' dir='ltr'>excidit,</span> <span class='ocrx_word' id='word_1_112' title='bbox 1530 1923 1673 2020; x_wconf 76' lang='lat' dir='ltr'>velspes</span> <span class='ocrx_word' id='word_1_113' title='bbox 1688 1946 1765 1997; x_wconf 83' lang='lat' dir='ltr'>eum</span> 
     </span>
     <span class='ocr_line' id='line_1_15' title="bbox 597 2021 1765 2120; baseline -0.004 -25"><span class='ocrx_word' id='word_1_114' title='bbox 597 2022 795 2120; x_wconf 81' lang='lat' dir='ltr'>pudefacit,</span> <span class='ocrx_word' id='word_1_115' title='bbox 822 2025 875 2096; x_wconf 91' lang='lat' dir='ltr'>uti</span> <span class='ocrx_word' id='word_1_116' title='bbox 898 2021 949 2094; x_wconf 88' lang='lat' dir='ltr'>est</span> <span class='ocrx_word' id='word_1_117' title='bbox 970 2022 1076 2097; x_wconf 89' lang='lat' dir='ltr'>Rom.</span> <span class='ocrx_word' id='word_1_118' title='bbox 1099 2046 1134 2096; x_wconf 91' lang='lat' dir='ltr'>v.</span> <span class='ocrx_word' id='word_1_119' title='bbox 1157 2024 1315 2118; x_wconf 86' lang='lat' dir='ltr'>adeoque</span> <span class='ocrx_word' id='word_1_120' title='bbox 1336 2023 1444 2100; x_wconf 85' lang='lat' dir='ltr'>tacite</span> <span class='ocrx_word' id='word_1_121' title='bbox 1457 2021 1639 2110; x_wconf 81' lang='lat' dir='ltr'>innuitur,</span> <span class='ocrx_word' id='word_1_122' title='bbox 1663 2023 1765 2096; x_wconf 70' lang='lat' dir='ltr'>Seio.</span> 
     </span>
    </p>
   </div>
   <div class='ocr_carea' id='block_1_4' title="bbox 452 2115 1763 2230">
    <p class='ocr_par' dir='ltr' id='par_1_6' title="bbox 452 2115 1763 2230">
     <span class='ocr_line' id='line_1_16' title="bbox 452 2115 1763 2230; baseline 0.004 -41"><span class='ocrx_word' id='word_1_123' title='bbox 452 2181 458 2189; x_wconf 91' lang='lat'>.</span> <span class='ocrx_word' id='word_1_124' title='bbox 602 2139 751 2211; x_wconf 82' lang='lat' dir='ltr'>monem</span> <span class='ocrx_word' id='word_1_125' title='bbox 774 2118 906 2194; x_wconf 86' lang='lat' dir='ltr'>summa</span> <span class='ocrx_word' id='word_1_126' title='bbox 928 2139 1011 2194; x_wconf 91' lang='lat' dir='ltr'>cum</span> <span class='ocrx_word' id='word_1_127' title='bbox 1026 2115 1153 2192; x_wconf 87' lang='lat' dir='ltr'>fiducia</span> <span class='ocrx_word' id='word_1_128' title='bbox 1172 2121 1305 2211; x_wconf 80' lang='lat' dir='ltr'>oraise3</span> <span class='ocrx_word' id='word_1_129' title='bbox 1330 2122 1397 2194; x_wconf 89' lang='lat' dir='ltr'>riec</span> <span class='ocrx_word' id='word_1_130' title='bbox 1412 2116 1508 2212; x_wconf 80' lang='lat' dir='ltr'>poise</span> <span class='ocrx_word' id='word_1_131' title='bbox 1523 2115 1684 2230; x_wconf 71' lang='lat' dir='ltr'>repulsam</span> <span class='ocrx_word' id='word_1_132' title='bbox 1701 2138 1763 2214; x_wconf 83' lang='lat' dir='ltr'>pa·</span> 
     </span>
    </p>
   </div>
   <div class='ocr_carea' id='block_1_5' title="bbox 601 2212 1764 3765">
    <p class='ocr_par' dir='ltr' id='par_1_7' title="bbox 601 2212 1764 3765">
     <span class='ocr_line' id='line_1_17' title="bbox 602 2212 1762 2314; baseline 0 -26"><span class='ocrx_word' id='word_1_133' title='bbox 602 2215 655 2302; x_wconf 90' lang='lat' dir='ltr'>ti,</span> <span class='ocrx_word' id='word_1_134' title='bbox 681 2212 742 2286; x_wconf 82' lang='lat' dir='ltr'>nisi</span> <span class='ocrx_word' id='word_1_135' title='bbox 766 2212 864 2289; x_wconf 89' lang='lat' dir='ltr'>Deus</span> <span class='ocrx_word' id='word_1_136' title='bbox 888 2216 1024 2309; x_wconf 90' lang='lat' dir='ltr'>pudore</span> <span class='ocrx_word' id='word_1_137' title='bbox 1040 2217 1129 2290; x_wconf 90' lang='lat' dir='ltr'>velit</span> <span class='ocrx_word' id='word_1_138' title='bbox 1145 2214 1296 2292; x_wconf 87' lang='lat' dir='ltr'>adficere</span> <span class='ocrx_word' id='word_1_139' title='bbox 1310 2239 1412 2302; x_wconf 89' lang='lat' dir='ltr'>eum,</span> <span class='ocrx_word' id='word_1_140' title='bbox 1437 2216 1496 2309; x_wconf 90' lang='lat' dir='ltr'>qui</span> <span class='ocrx_word' id='word_1_141' title='bbox 1511 2215 1574 2309; x_wconf 87' lang='lat' dir='ltr'>ipit</span> <span class='ocrx_word' id='word_1_142' title='bbox 1592 2231 1663 2290; x_wconf 91' lang='lat' dir='ltr'>tam</span> <span class='ocrx_word' id='word_1_143' title='bbox 1677 2219 1762 2314; x_wconf 77' lang='lat' dir='ltr'>pie,</span> 
     </span>
     <span class='ocr_line' id='line_1_18' title="bbox 603 2307 1762 2406; baseline 0.005 -24"><span class='ocrx_word' id='word_1_144' title='bbox 603 2309 639 2382; x_wconf 75' lang='grc' dir='ltr'><strong>ἃ</strong></span> <span class='ocrx_word' id='word_1_145' title='bbox 663 2307 774 2384; x_wconf 89' lang='lat' dir='ltr'>solido</span> <span class='ocrx_word' id='word_1_146' title='bbox 796 2310 1051 2406; x_wconf 86' lang='lat' dir='ltr'>fundamento,</span> <span class='ocrx_word' id='word_1_147' title='bbox 1076 2312 1242 2390; x_wconf 90' lang='lat' dir='ltr'>confidit:</span> <span class='ocrx_word' id='word_1_148' title='bbox 1295 2321 1365 2387; x_wconf 87' lang='lat' dir='ltr'>uod</span> <span class='ocrx_word' id='word_1_149' title='bbox 1388 2310 1570 2387; x_wconf 89' lang='lat' dir='ltr'>cum-fieri</span> <span class='ocrx_word' id='word_1_150' title='bbox 1584 2329 1762 2405; x_wconf 77' lang='lat' dir='ltr'>nequeat,</span> 
     </span>
     <span class='ocr_line' id='line_1_19' title="bbox 604 2405 1762 2507; baseline 0.003 -25"><span class='ocrx_word' id='word_1_151' title='bbox 604 2406 640 2482; x_wconf 91' lang='lat' dir='ltr'>se</span> <span class='ocrx_word' id='word_1_152' title='bbox 665 2429 747 2482; x_wconf 91' lang='lat' dir='ltr'>cum</span> <span class='ocrx_word' id='word_1_153' title='bbox 767 2405 894 2484; x_wconf 88' lang='lat' dir='ltr'>fiducia</span> <span class='ocrx_word' id='word_1_154' title='bbox 916 2411 951 2484; x_wconf 91' lang='lat' dir='ltr'>id</span> <span class='ocrx_word' id='word_1_155' title='bbox 974 2409 1188 2507; x_wconf 87' lang='lat' dir='ltr'>supplicare,</span> <span class='ocrx_word' id='word_1_156' title='bbox 1213 2435 1253 2484; x_wconf 83' lang='lat' dir='ltr'>ne</span> <span class='ocrx_word' id='word_1_157' title='bbox 1310 2431 1365 2483; x_wconf 82' lang='lat' dir='ltr'>eus</span> <span class='ocrx_word' id='word_1_158' title='bbox 1380 2406 1762 2501; x_wconf 77' lang='lat' dir='ltr'>avertatsaciemejue,</span> 
     </span>
     <span class='ocr_line' id='line_1_20' title="bbox 603 2505 1764 2598; baseline 0.004 -18"><span class='ocrx_word' id='word_1_159' title='bbox 603 2505 771 2580; x_wconf 91' lang='lat' dir='ltr'>indicant.</span> <span class='ocrx_word' id='word_1_160' title='bbox 823 2506 878 2582; x_wconf 87' lang='lat' dir='ltr'>Eo</span> <span class='ocrx_word' id='word_1_161' title='bbox 898 2507 1006 2583; x_wconf 87' lang='lat' dir='ltr'>etiam</span> <span class='ocrx_word' id='word_1_162' title='bbox 1026 2510 1139 2583; x_wconf 89' lang='lat' dir='ltr'>tendit</span> <span class='ocrx_word' id='word_1_163' title='bbox 1164 2507 1286 2584; x_wconf 88' lang='lat' dir='ltr'>titulus</span> <span class='ocrx_word' id='word_1_164' title='bbox 1308 2507 1396 2580; x_wconf 69' lang='lat' dir='ltr'>antii</span> <span class='ocrx_word' id='word_1_165' title='bbox 1414 2505 1505 2595; x_wconf 84' lang='lat' dir='ltr'>Dei,</span> <span class='ocrx_word' id='word_1_166' title='bbox 1531 2527 1603 2598; x_wconf 91' lang='lat' dir='ltr'>quo</span> <span class='ocrx_word' id='word_1_167' title='bbox 1617 2505 1764 2584; x_wconf 86' lang='lat' dir='ltr'>Salomo</span> 
     </span>
     <span class='ocr_line' id='line_1_21' title="bbox 603 2601 1762 2703; baseline 0.001 -27"><span class='ocrx_word' id='word_1_168' title='bbox 603 2603 662 2676; x_wconf 90' lang='lat' dir='ltr'>hic</span> <span class='ocrx_word' id='word_1_169' title='bbox 686 2601 887 2700; x_wconf 86' lang='lat' dir='ltr'>iniignitur:</span> <span class='ocrx_word' id='word_1_170' title='bbox 922 2625 969 2679; x_wconf 93' lang='lat' dir='ltr'>eo</span> <span class='ocrx_word' id='word_1_171' title='bbox 997 2608 1092 2681; x_wconf 91' lang='lat' dir='ltr'>enim</span> <span class='ocrx_word' id='word_1_172' title='bbox 1116 2603 1344 2703; x_wconf 69' lang='lat' dir='ltr'>significatur,</span> <span class='ocrx_word' id='word_1_173' title='bbox 1369 2602 1481 2698; x_wconf 88' lang='lat' dir='ltr'>ipsum</span> <span class='ocrx_word' id='word_1_174' title='bbox 1502 2602 1663 2700; x_wconf 83' lang='lat' dir='ltr'>finguiari</span> <span class='ocrx_word' id='word_1_175' title='bbox 1685 2605 1762 2678; x_wconf 87' lang='lat' dir='ltr'>Dei</span> 
     </span>
     <span class='ocr_line' id='line_1_22' title="bbox 604 2699 1762 2798; baseline 0.005 -28"><span class='ocrx_word' id='word_1_176' title='bbox 604 2699 715 2796; x_wconf 85' lang='lat' dir='ltr'>gratia</span> <span class='ocrx_word' id='word_1_177' title='bbox 731 2701 764 2771; x_wconf 89' lang='lat'>&amp;</span> <span class='ocrx_word' id='word_1_178' title='bbox 779 2700 905 2774; x_wconf 86' lang='lat' dir='ltr'>favore</span> <span class='ocrx_word' id='word_1_179' title='bbox 919 2723 1040 2798; x_wconf 84' lang='lat' dir='ltr'>regem</span> <span class='ocrx_word' id='word_1_180' title='bbox 1056 2701 1126 2774; x_wconf 84' lang='lat' dir='ltr'>esre</span> <span class='ocrx_word' id='word_1_181' title='bbox 1141 2700 1291 2788; x_wconf 76' lang='lat' dir='ltr'>fanum,</span> <span class='ocrx_word' id='word_1_182' title='bbox 1311 2701 1349 2776; x_wconf 74' lang='lat' dir='ltr'>a</span> <span class='ocrx_word' id='word_1_183' title='bbox 1362 2700 1489 2774; x_wconf 87' lang='lat' dir='ltr'>Davidi</span> <span class='ocrx_word' id='word_1_184' title='bbox 1505 2700 1542 2792; x_wconf 88' lang='lat' dir='ltr'>in</span> <span class='ocrx_word' id='word_1_185' title='bbox 1557 2721 1668 2797; x_wconf 87' lang='lat' dir='ltr'>regno</span> <span class='ocrx_word' id='word_1_186' title='bbox 1683 2709 1762 2776; x_wconf 87' lang='lat' dir='ltr'>inc-</span> 
     </span>
     <span class='ocr_line' id='line_1_23' title="bbox 605 2793 1757 2890; baseline 0.008 -23"><span class='ocrx_word' id='word_1_187' title='bbox 605 2793 760 2868; x_wconf 78' lang='lat' dir='ltr'>certine:</span> <span class='ocrx_word' id='word_1_188' title='bbox 801 2796 879 2871; x_wconf 85' lang='lat' dir='ltr'>talis</span> <span class='ocrx_word' id='word_1_189' title='bbox 908 2798 1066 2890; x_wconf 79' lang='lat' dir='ltr'>persone</span> <span class='ocrx_word' id='word_1_190' title='bbox 1093 2797 1220 2872; x_wconf 85' lang='lat' dir='ltr'>faciem</span> <span class='ocrx_word' id='word_1_191' title='bbox 1249 2817 1412 2872; x_wconf 85' lang='lat' dir='ltr'>avertere</span> <span class='ocrx_word' id='word_1_192' title='bbox 1443 2797 1623 2888; x_wconf 89' lang='lat' dir='ltr'>quomodo</span> <span class='ocrx_word' id='word_1_193' title='bbox 1656 2800 1757 2876; x_wconf 77' lang='lat' dir='ltr'>neus</span> 
     </span>
     <span class='ocr_line' id='line_1_24' title="bbox 603 2889 1758 2988; baseline 0.006 -26"><span class='ocrx_word' id='word_1_194' title='bbox 603 2889 745 2984; x_wconf 68' lang='lat' dir='ltr'>podet?</span> <span class='ocrx_word' id='word_1_195' title='bbox 772 2912 805 2963; x_wconf 84' lang='lat'>2.</span> <span class='ocrx_word' id='word_1_196' title='bbox 820 2892 935 2969; x_wconf 87' lang='lat' dir='ltr'>Orant</span> <span class='ocrx_word' id='word_1_197' title='bbox 948 2896 1018 2969; x_wconf 93' lang='lat' dir='ltr'>hoc</span> <span class='ocrx_word' id='word_1_198' title='bbox 1034 2893 1142 2988; x_wconf 87' lang='lat' dir='ltr'>scopo</span> <span class='ocrx_word' id='word_1_199' title='bbox 1158 2897 1192 2968; x_wconf 79' lang='lat' dir='ltr'>dt</span> <span class='ocrx_word' id='word_1_200' title='bbox 1208 2896 1345 2982; x_wconf 91' lang='lat' dir='ltr'>animo,</span> <span class='ocrx_word' id='word_1_201' title='bbox 1370 2910 1411 2969; x_wconf 91' lang='lat' dir='ltr'>ut</span> <span class='ocrx_word' id='word_1_202' title='bbox 1426 2911 1595 2968; x_wconf 88' lang='lat' dir='ltr'>votorum</span> <span class='ocrx_word' id='word_1_203' title='bbox 1611 2894 1758 2978; x_wconf 85' lang='lat' dir='ltr'>snorum</span> 
     </span>
     <span class='ocr_line' id='line_1_25' title="bbox 604 2987 1761 3084; baseline 0.01 -24"><span class='ocrx_word' id='word_1_204' title='bbox 604 2987 909 3079; x_wconf 80' lang='lat' dir='ltr'>complementum</span> <span class='ocrx_word' id='word_1_205' title='bbox 934 2991 971 3063; x_wconf 90' lang='lat' dir='ltr'>in</span> <span class='ocrx_word' id='word_1_206' title='bbox 986 3013 1032 3064; x_wconf 93' lang='lat' dir='ltr'>eo</span> <span class='ocrx_word' id='word_1_207' title='bbox 1047 2991 1115 3064; x_wconf 82' lang='lat' dir='ltr'>effe</span> <span class='ocrx_word' id='word_1_208' title='bbox 1129 2991 1314 3070; x_wconf 85' lang='lat' dir='ltr'>fundatum</span> <span class='ocrx_word' id='word_1_209' title='bbox 1337 2992 1515 3077; x_wconf 87' lang='lat' dir='ltr'>indicent,</span> <span class='ocrx_word' id='word_1_210' title='bbox 1547 2993 1642 3084; x_wconf 91' lang='lat' dir='ltr'>quod</span> <span class='ocrx_word' id='word_1_211' title='bbox 1660 2992 1761 3071; x_wconf 73' lang='lat' dir='ltr'>nem</span> 
     </span>
     <span class='ocr_line' id='line_1_26' title="bbox 602 3084 1760 3188; baseline 0.008 -29"><span class='ocrx_word' id='word_1_212' title='bbox 602 3084 768 3159; x_wconf 84' lang='lat' dir='ltr'>exaudiat</span> <span class='ocrx_word' id='word_1_213' title='bbox 790 3107 913 3178; x_wconf 83' lang='lat' dir='ltr'>preces</span> <span class='ocrx_word' id='word_1_214' title='bbox 928 3086 1132 3162; x_wconf 88' lang='lat' dir='ltr'>Salomonis.</span> <span class='ocrx_word' id='word_1_215' title='bbox 1184 3118 1217 3188; x_wconf 85' lang='lat'>3.</span> <span class='ocrx_word' id='word_1_216' title='bbox 1241 3089 1421 3164; x_wconf 86' lang='lat' dir='ltr'>Votorum</span> <span class='ocrx_word' id='word_1_217' title='bbox 1437 3090 1708 3181; x_wconf 88' lang='lat' dir='ltr'>implementum</span> <span class='ocrx_word' id='word_1_218' title='bbox 1722 3091 1760 3167; x_wconf 81' lang='lat' dir='ltr'>dc</span> 
     </span>
     <span class='ocr_line' id='line_1_27' title="bbox 602 3182 1758 3286; baseline 0.007 -32"><span class='ocrx_word' id='word_1_219' title='bbox 602 3203 752 3278; x_wconf 89' lang='lat' dir='ltr'>precum</span> <span class='ocrx_word' id='word_1_220' title='bbox 766 3182 1030 3258; x_wconf 81' lang='lat' dir='ltr'>exauditionem</span> <span class='ocrx_word' id='word_1_221' title='bbox 1044 3207 1116 3259; x_wconf 88' lang='lat' dir='ltr'>non</span> <span class='ocrx_word' id='word_1_222' title='bbox 1133 3207 1154 3259; x_wconf 94' lang='lat' dir='ltr'>a</span> <span class='ocrx_word' id='word_1_223' title='bbox 1170 3189 1232 3272; x_wconf 74' lang='lat' dir='ltr'>ie,</span> <span class='ocrx_word' id='word_1_224' title='bbox 1243 3184 1378 3280; x_wconf 86' lang='lat' dir='ltr'>suisque</span> <span class='ocrx_word' id='word_1_225' title='bbox 1394 3187 1548 3274; x_wconf 88' lang='lat' dir='ltr'>meritis,</span> <span class='ocrx_word' id='word_1_226' title='bbox 1574 3187 1632 3258; x_wconf 86' lang='lat' dir='ltr'>sed</span> <span class='ocrx_word' id='word_1_227' title='bbox 1645 3210 1665 3259; x_wconf 89' lang='lat' dir='ltr'>a</span> <span class='ocrx_word' id='word_1_228' title='bbox 1680 3211 1758 3286; x_wconf 84' lang='lat' dir='ltr'>gra-</span> 
     </span>
     <span class='ocr_line' id='line_1_28' title="bbox 604 3279 1756 3380; baseline 0.008 -27"><span class='ocrx_word' id='word_1_229' title='bbox 604 3283 655 3354; x_wconf 88' lang='lat' dir='ltr'>tia</span> <span class='ocrx_word' id='word_1_230' title='bbox 682 3279 779 3368; x_wconf 91' lang='lat' dir='ltr'>Dei,</span> <span class='ocrx_word' id='word_1_231' title='bbox 805 3303 879 3374; x_wconf 88' lang='lat' dir='ltr'>qua</span> <span class='ocrx_word' id='word_1_232' title='bbox 901 3279 974 3375; x_wconf 92' lang='lat' dir='ltr'>ipse</span> <span class='ocrx_word' id='word_1_233' title='bbox 994 3280 1163 3355; x_wconf 83' lang='lat' dir='ltr'>Davidem</span> <span class='ocrx_word' id='word_1_234' title='bbox 1183 3281 1386 3380; x_wconf 68' lang='lat' dir='ltr'>prosecutus</span> <span class='ocrx_word' id='word_1_235' title='bbox 1414 3282 1484 3369; x_wconf 86' lang='lat' dir='ltr'>est,</span> <span class='ocrx_word' id='word_1_236' title='bbox 1511 3283 1694 3373; x_wconf 86' lang='lat' dir='ltr'>derivant,</span> <span class='ocrx_word' id='word_1_237' title='bbox 1719 3286 1756 3362; x_wconf 75' lang='lat' dir='ltr'>dt</span> 
     </span>
     <span class='ocr_line' id='line_1_29' title="bbox 603 3375 1756 3476; baseline 0.004 -27"><span class='ocrx_word' id='word_1_238' title='bbox 603 3378 700 3451; x_wconf 90' lang='lat' dir='ltr'>ineo</span> <span class='ocrx_word' id='word_1_239' title='bbox 717 3375 885 3466; x_wconf 81' lang='lat' dir='ltr'>fundant3</span> <span class='ocrx_word' id='word_1_240' title='bbox 914 3398 995 3453; x_wconf 85' lang='lat' dir='ltr'>curn</span> <span class='ocrx_word' id='word_1_241' title='bbox 1017 3379 1139 3455; x_wconf 89' lang='lat' dir='ltr'>dicunt</span> <span class='ocrx_word' id='word_1_242' title='bbox 1149 3393 1281 3476; x_wconf 83' lang='lat' dir='ltr'>propter</span> <span class='ocrx_word' id='word_1_243' title='bbox 1294 3377 1461 3454; x_wconf 78' lang='lat' dir='ltr'>Davidem</span> <span class='ocrx_word' id='word_1_244' title='bbox 1467 3377 1605 3474; x_wconf 82' lang='lat' dir='ltr'>sernum</span> <span class='ocrx_word' id='word_1_245' title='bbox 1626 3379 1756 3473; x_wconf 84' lang='lat' dir='ltr'>Tuum,</span> 
     </span>
     <span class='ocr_line' id='line_1_30' title="bbox 601 3471 1755 3572; baseline 0.005 -26"><span class='ocrx_word' id='word_1_246' title='bbox 601 3489 798 3547; x_wconf 71' lang='lat' dir='ltr'>neaemias</span> <span class='ocrx_word' id='word_1_247' title='bbox 812 3471 938 3567; x_wconf 81' lang='lat' dir='ltr'>faciem</span> <span class='ocrx_word' id='word_1_248' title='bbox 963 3477 1051 3550; x_wconf 70' lang='lat' dir='ltr'>aaut·</span> <span class='ocrx_word' id='word_1_249' title='bbox 1066 3484 1128 3552; x_wconf 84' lang='lat' dir='ltr'>tui.</span> <span class='ocrx_word' id='word_1_250' title='bbox 1153 3480 1188 3553; x_wconf 90' lang='lat' dir='ltr'>h.</span> <span class='ocrx_word' id='word_1_251' title='bbox 1206 3500 1238 3552; x_wconf 91' lang='lat' dir='ltr'>e.</span> <span class='ocrx_word' id='word_1_252' title='bbox 1304 3479 1452 3572; x_wconf 57' lang='lat' dir='ltr'>i&#39;ropter</span> <span class='ocrx_word' id='word_1_253' title='bbox 1474 3476 1671 3566; x_wconf 88' lang='lat' dir='ltr'>Davidem,</span> <span class='ocrx_word' id='word_1_254' title='bbox 1692 3483 1755 3572; x_wconf 85' lang='lat' dir='ltr'>qui</span> 
     </span>
     <span class='ocr_line' id='line_1_31' title="bbox 605 3567 1756 3669; baseline 0.009 -29"><span class='ocrx_word' id='word_1_255' title='bbox 605 3567 675 3642; x_wconf 85' lang='lat' dir='ltr'>fuit</span> <span class='ocrx_word' id='word_1_256' title='bbox 699 3573 831 3646; x_wconf 74' lang='lat' dir='ltr'>intimae</span> <span class='ocrx_word' id='word_1_257' title='bbox 851 3581 926 3648; x_wconf 84' lang='lat' dir='ltr'>tuae&#39;</span> <span class='ocrx_word' id='word_1_258' title='bbox 939 3573 1146 3649; x_wconf 88' lang='lat' dir='ltr'>admiffionis</span> <span class='ocrx_word' id='word_1_259' title='bbox 1155 3574 1341 3664; x_wconf 87' lang='lat' dir='ltr'>minister,</span> <span class='ocrx_word' id='word_1_260' title='bbox 1367 3594 1549 3669; x_wconf 89' lang='lat' dir='ltr'>perquem</span> <span class='ocrx_word' id='word_1_261' title='bbox 1569 3589 1627 3647; x_wconf 91' lang='lat' dir='ltr'>tot</span> <span class='ocrx_word' id='word_1_262' title='bbox 1643 3591 1756 3650; x_wconf 87' lang='lat' dir='ltr'>tanta·</span> 
     </span>
     <span class='ocr_line' id='line_1_32' title="bbox 605 3667 1753 3765; baseline 0.006 -32"><span class='ocrx_word' id='word_1_263' title='bbox 605 3683 675 3754; x_wconf 88' lang='lat' dir='ltr'>que</span> <span class='ocrx_word' id='word_1_264' title='bbox 696 3667 793 3761; x_wconf 84' lang='lat' dir='ltr'>egisti</span> <span class='ocrx_word' id='word_1_265' title='bbox 810 3671 847 3745; x_wconf 92' lang='lat' dir='ltr'>in</span> <span class='ocrx_word' id='word_1_266' title='bbox 868 3671 1004 3745; x_wconf 88' lang='lat' dir='ltr'>bonum</span> <span class='ocrx_word' id='word_1_267' title='bbox 1024 3674 1147 3764; x_wconf 90' lang='lat' dir='ltr'>populi</span> <span class='ocrx_word' id='word_1_268' title='bbox 1161 3673 1254 3761; x_wconf 87' lang='lat' dir='ltr'>Tui,</span> <span class='ocrx_word' id='word_1_269' title='bbox 1277 3675 1381 3746; x_wconf 85' lang='lat' dir='ltr'>&amp;cui</span> <span class='ocrx_word' id='word_1_270' title='bbox 1399 3687 1470 3746; x_wconf 88' lang='lat' dir='ltr'>tam</span> <span class='ocrx_word' id='word_1_271' title='bbox 1486 3673 1649 3765; x_wconf 80' lang='lat' dir='ltr'>praeclara</span> <span class='ocrx_word' id='word_1_272' title='bbox 1665 3671 1753 3746; x_wconf 85' lang='lat' dir='ltr'>feci.</span> 
     </span>
    </p>
   </div>
   <div class='ocr_carea' id='block_1_6' title="bbox 605 3757 1889 3863">
    <p class='ocr_par' dir='ltr' id='par_1_8' title="bbox 605 3757 1889 3863">
     <span class='ocr_line' id='line_1_33' title="bbox 605 3757 1889 3863; baseline 0.015 -33"><span class='ocrx_word' id='word_1_273' title='bbox 605 3757 647 3830; x_wconf 87' lang='lat' dir='ltr'>sti</span> <span class='ocrx_word' id='word_1_274' title='bbox 661 3764 835 3854; x_wconf 84' lang='lat' dir='ltr'>promiffa.</span> <span class='ocrx_word' id='word_1_275' title='bbox 875 3766 992 3838; x_wconf 89' lang='lat' dir='ltr'>David</span> <span class='ocrx_word' id='word_1_276' title='bbox 1007 3768 1064 3838; x_wconf 90' lang='lat' dir='ltr'>hic</span> <span class='ocrx_word' id='word_1_277' title='bbox 1078 3768 1279 3858; x_wconf 82' lang='lat' dir='ltr'>profertur,</span> <span class='ocrx_word' id='word_1_278' title='bbox 1302 3787 1468 3863; x_wconf 83' lang='lat' dir='ltr'>tanquam</span> <span class='ocrx_word' id='word_1_279' title='bbox 1485 3769 1652 3862; x_wconf 85' lang='lat' dir='ltr'>periona,</span> <span class='ocrx_word' id='word_1_280' title='bbox 1675 3791 1753 3862; x_wconf 75' lang='lat' dir='ltr'>que</span> <span class='ocrx_word' id='word_1_281' title='bbox 1885 3817 1889 3828; x_wconf 94' lang='lat'>·</span> 
     </span>
    </p>
   </div>
   <div class='ocr_carea' id='block_1_7' title="bbox 506 3856 1790 4250">
    <p class='ocr_par' dir='ltr' id='par_1_9' title="bbox 506 3856 1790 4250">
     <span class='ocr_line' id='line_1_34' title="bbox 506 3856 1749 3958; baseline 0.014 -33"><span class='ocrx_word' id='word_1_282' title='bbox 506 3884 513 3893; x_wconf 90' lang='lat'><em>·</em></span> <span class='ocrx_word' id='word_1_283' title='bbox 593 3856 692 3947; x_wconf 88' lang='lat' dir='ltr'>quid</span> <span class='ocrx_word' id='word_1_284' title='bbox 713 3859 858 3947; x_wconf 89' lang='lat' dir='ltr'>habeat,</span> <span class='ocrx_word' id='word_1_285' title='bbox 884 3884 956 3954; x_wconf 93' lang='lat' dir='ltr'>quo</span> <span class='ocrx_word' id='word_1_286' title='bbox 976 3861 1075 3935; x_wconf 89' lang='lat' dir='ltr'>Deus</span> <span class='ocrx_word' id='word_1_287' title='bbox 1097 3865 1139 3935; x_wconf 88' lang='lat' dir='ltr'>ad</span> <span class='ocrx_word' id='word_1_288' title='bbox 1159 3883 1280 3958; x_wconf 88' lang='lat' dir='ltr'>preces</span> <span class='ocrx_word' id='word_1_289' title='bbox 1296 3865 1606 3957; x_wconf 70' lang='lat' dir='ltr'>praestandas‘iiecii</span> <span class='ocrx_word' id='word_1_290' title='bbox 1623 3884 1749 3958; x_wconf 88' lang='lat' dir='ltr'>queat,</span> 
     </span>
     <span class='ocr_line' id='line_1_35' title="bbox 605 3954 1790 4056; baseline 0.014 -31"><span class='ocrx_word' id='word_1_291' title='bbox 605 3966 646 4026; x_wconf 93' lang='lat' dir='ltr'>ut</span> <span class='ocrx_word' id='word_1_292' title='bbox 666 3975 712 4026; x_wconf 85' lang='lat' dir='ltr'>ex</span> <span class='ocrx_word' id='word_1_293' title='bbox 733 3954 842 4049; x_wconf 84' lang='lat' dir='ltr'>phrafi</span> <span class='ocrx_word' id='word_1_294' title='bbox 860 3971 990 4054; x_wconf 83' lang='lat' dir='ltr'>propter</span> <span class='ocrx_word' id='word_1_295' title='bbox 1014 3958 1182 4034; x_wconf 84' lang='lat' dir='ltr'>Davidem</span> <span class='ocrx_word' id='word_1_296' title='bbox 1203 3976 1311 4056; x_wconf 88' lang='lat' dir='ltr'>patet.</span> <span class='ocrx_word' id='word_1_297' title='bbox 1369 3963 1507 4036; x_wconf 81' lang='lat' dir='ltr'>illudin&#39;</span> <span class='ocrx_word' id='word_1_298' title='bbox 1521 3961 1657 4035; x_wconf 85' lang='lat' dir='ltr'>Davide</span> <span class='ocrx_word' id='word_1_299' title='bbox 1672 3986 1748 4040; x_wconf 87' lang='lat' dir='ltr'>non</span> <span class='ocrx_word' id='word_1_300' title='bbox 1787 4019 1790 4024; x_wconf 89' lang='lat'>-</span> 
     </span>
     <span class='ocr_line' id='line_1_36' title="bbox 587 4049 1748 4250; baseline 0.008 -124"><span class='ocrx_word' id='word_1_301' title='bbox 587 4049 768 4203; x_wconf 18' lang='lat' dir='ltr'>&#39;fuitwaut</span> <span class='ocrx_word' id='word_1_302' title='bbox 792 4055 1051 4150; x_wconf 68' lang='lat' dir='ltr'>perionae‘ejut</span> <span class='ocrx_word' id='word_1_303' title='bbox 1071 4057 1217 4159; x_wconf 72' lang='lat' dir='ltr'>digniter</span> <span class='ocrx_word' id='word_1_304' title='bbox 1225 4109 1247 4151; x_wconf 49' lang='lat'>,=</span> <span class='ocrx_word' id='word_1_305' title='bbox 1267 4073 1333 4202; x_wconf 87' lang='lat' dir='ltr'>aut</span> <span class='ocrx_word' id='word_1_306' title='bbox 1355 4061 1566 4137; x_wconf 89' lang='lat' dir='ltr'>meritorum</span> <span class='ocrx_word' id='word_1_307' title='bbox 1588 4063 1748 4250; x_wconf 39' lang='lat' dir='ltr'>porprlilpp3</span> 
     </span>
    </p>
   </div>
   <div class='ocr_carea' id='block_1_8' title="bbox 0 0 1996 5159">
    <p class='ocr_par' dir='ltr' id='par_1_10' title="bbox 0 0 1996 5159">
     <span class='ocr_line' id='line_1_37' title="bbox 0 0 1996 5159; baseline 0 0"><span class='ocrx_word' id='word_1_308' title='bbox 0 0 1996 5159; x_wconf 95' lang='lat' dir='ltr'> </span> 
     </span>
    </p>
   </div>
  </div>
 </body>
</html>
