3984 5159
653 529 726 632 ,⁶4
828 509 1635 594 commentantes

654 704 747 780 limae
763 701 1040 788 dehortationis,
1066 719 1135 791 qua
1149 697 1234 794 quid
1248 713 1416 793 tanquam
1435 701 1613 776 absurdum
1624 699 1749 790 nitur:

657 825 762 894 quam
789 800 966 896 emphasm
987 797 1094 870 habet
1117 798 1292 890 particula
1311 806 1372 874 in:
1408 822 1486 894 qua
1507 799 1588 891 quid
1605 797 1752 890 prohibetur

658 901 823 987 fortiter,
852 899 885 972 u
907 921 987 970 cum
1009 893 1249 982 aversatione,
1283 911 1324 968 nt
1346 896 1447 969 idem
1468 896 1536 983 lit,
1560 894 1649 987 alfii,
1665 893 1751 965 utine

661 997 806 1070 faciatis.
859 993 1165 1087 Praesupponitur,
1197 991 1265 1064 tale
1287 992 1497 1082 quidfacile
1513 994 1667 1085 obrepere
1677 985 1756 1081 polita

659 1095 818 1186 adeoque
845 1096 1009 1186 principes
1039 1089 1188 1184 intelligi
1217 1090 1340 1180 populi
1367 1092 1466 1162 bene
1491 1090 1538 1162 de
1566 1091 1624 1162 illo
1644 1088 1759 1170 mentm,

660 1193 785 1283 quibus
802 1189 920 1273 Deus,
937 1203 1106 1275 tauquam
1121 1183 1358 1260 instrumentis
1374 1185 1568 1260 felicitatis
1581 1184 1759 1279 populatus

660 1304 759 1372 erata.
787 1303 891 1376 quare
919 1307 1035 1356 :ann
1059 1281 1287 1374 adpellantur.
1344 1281 1438 1380 Quae
1470 1284 1575 1357 radix
1597 1274 1761 1376 proprieeli

658 1381 830 1470 unescere,
856 1399 925 1472 prae
946 1380 1113 1451 nonnata
1133 1378 1259 1472 sponte
1280 1380 1315 1453 dt
1336 1379 1483 1476 largiter
1496 1379 1632 1474 fluere,
1656 1371 1762 1449 undeni

660 1473 938 1554 munificentiam
967 1475 1311 1563 inliberalitatem,
1335 1497 1508 1552 necnon
1532 1467 1763 1572 spontaneam&

660 1575 897 1650 liberaliorem
922 1575 1116 1666 impetum,
1151 1573 1254 1645 &fic
1272 1578 1501 1668 principatum
1526 1566 1764 1654 transferunt

663 1673 781 1768 specie
804 1671 847 1744 dc
865 1673 976 1766 copiis
990 1668 1235 1757 auxiliaribus,
1261 1671 1493 1762 spontaneam
1510 1673 1548 1745 dt
1562 1664 1763 1766 promtiffinan

662 1770 822 1847 militiam
838 1765 1098 1862 prestantibus,
1119 1761 1327 1858 usurpatur,
1342 1768 1394 1842 uti
1408 1770 1569 1845 vidimus
1582 1769 1626 1841 ad
1639 1763 1763 1838 Pion

665 1886 893 1942 to.1.xxx1112
922 1885 974 1936 tn.
1001 1862 1035 1935 u
1062 1884 1171 1953 cx13.
1197 1870 1384 1954 exuunt,
1412 1887 1447 1960 9.
1512 1866 1606 1965 Quae
1624 1855 1763 1938 onmia

662 1964 833 2060 conjungi
862 1959 1012 2056 pellunt
1062 1957 1185 2056 Digito
1211 1961 1330 2052 iraque
1351 1961 1598 2038 monstrantur
1621 1955 1761 2036 narem,

545 2103 554 2110 -
664 2078 705 2138 ut
726 2061 759 2136 &
780 2061 829 2134 Ps.
851 2079 1001 2146 carun,
1026 2055 1195 2149 fimulque
1208 2057 1401 2149 indicatur,
1426 2061 1521 2136 alios
1540 2059 1761 2146 reuorespon

664 2159 737 2232 lum
763 2157 832 2228 hoc
855 2171 1017 2247 tempore
1044 2175 1119 2227 non
1142 2153 1292 2243 habere,
1334 2178 1407 2229 non
1428 2180 1548 2255 reges,
1580 2155 1639 2231 sed
1651 2151 1762 2248 punit

664 2265 827 2340 tantum;
852 2247 911 2322 sed
927 2249 1130 2343 praeclaros,
1156 2250 1290 2339 bonos,
1314 2251 1542 2332 &strenuos
1596 2251 1756 2324 Cumania

664 2348 777 2426 modo
803 2346 1020 2442 praecepillet
1042 2349 1258 2420 laudationem
1284 2345 1443 2446 Jehooe,
1467 2339 1759 2430 &nuncinnrlirl

624 2468 627 2476 ¹
658 2444 818 2542 fiduciam
844 2451 879 2518 in
908 2447 1107 2540 principibus
1124 2458 1260 2538 ponere,-
1292 2462 1482 2541 utrumque
1499 2453 1538 2526 dc
1552 2445 1760 2524 melotam

665 2541 807 2620 diteris
835 2543 1003 2618 adhibitis·
1023 2540 1138 2613 verbis
1163 2541 1339 2634 intendit,
1369 2544 1459 2620 adeo
1481 2566 1524 2624 ut
1548 2546 1659 2620 verbo
1675 2533 1759 2610 illidi

665 2641 787 2754 Deum
809 2642 915 2753 etiam
930 2636 1057 2734 fidncia
1079 2637 1118 2710 in
1137 2635 1221 2754 Deo
1240 2639 1278 2713 in
1298 2639 1497 2734 posterum,
1530 2646 1570 2718 dc
1589 2625 1759 2723 verbalia

666 2736 1759 2933 llllillliliiuiitiiliifl,r„a

667 2930 799 3006 undare
821 2949 881 3000 eos.
940 2928 1186 3020 vetitaque,
1209 2930 1330 3006 Deum
1347 2930 1476 3022 solum,
1503 2937 1539 3010 dt
1554 2927 1758 3025 nonptin⁰l⁶

667 3025 790 3104 haberi
811 3047 878 3120 pro
904 3021 1045 3114 objetto
1069 3023 1286 3102 laudationis¹
1302 3027 1337 3100 dr
1351 3026 1521 3123 ‚fiduciae3
1561 3032 1639 3106 Deo
1655 3020 1703 3096 loli
1715 3003 1759 3083 effi

603 3219 606 3224 ,
669 3124 817 3201 salutem
846 3124 1069 3216 impetratam
1092 3118 1377 3216 adtribuendam,
1409 3150 1485 3204 non
1509 3124 1718 3225 principibus,

669 3245 716 3300 eo
735 3221 831 3306 solo,
857 3221 893 3293 dc
907 3239 987 3293 non
995 3217 1068 3308 his,
1089 3215 1356 3310 exspettandam
1370 3223 1613 3318 inposterum

720 3323 761 3410 §.‚
778 3315 881 3391 Vlll..
898 3315 1069 3390 Rationes
1088 3314 1315 3393 dehortantes
1336 3319 1502 3399 desumtae
1524 3325 1603 3400 sunt
1623 3343 1642 3393 a
1659 3309 1757 3413 mailli

671 3415 899 3512 principum,
922 3435 992 3506 qua
1007 3414 1054 3486 ad
1066 3411 1265 3490 salvandum
1280 3415 1393 3510 inepti
1407 3417 1497 3497 sunt
1524 3422 1634 3520 Quam
1647 3413 1756 3498 ineptit

671 3515 795 3587 dinem·
825 3533 855 3585 1.
874 3511 1044 3604 epitheto!
1053 3508 1124 3602 filii
1148 3513 1283 3585 dominis
1304 3513 1342 3588 in
1364 3536 1496 3626 genere
1516 3516 1656 3594 inlinuat
1672 3509 1754 3600 poeaj

671 3631 754 3698 cum
773 3608 947 3705 adiungit,
973 3613 1012 3680 in
1023 3603 1104 3701 filia
1118 3611 1277 3705 leminis,
1300 3628 1343 3686 ut
1364 3613 1558 3703 indicaret,
1578 3606 1754 3710 principes?

672 3704 722 3776 hil
753 3704 821 3776 elie
844 3729 947 3797 quam
972 3707 1110 3780 honines
1131 3706 1286 3799 reliquus
1307 3730 1443 3786 omnes.
1492 3713 1578 3788 Non
1599 3707 1680 3782 enim
1695 3692 1754 3766 ³¹¹⁸

673 3799 917 3894 principibus,
942 3802 983 3872 iis
1004 3823 1179 3889 mmores,
1217 3804 1253 3877 dc
1273 3805 1436 3903 vulgares
1460 3809 1617 3886 homines
1634 3793 1752 3898 defillfi

676 3913 755 3986 tur,
780 3894 874 3987 quod
888 3900 1049 3972 nonnulli
1068 3899 1215 3988 volunt,
1240 3901 1300 3992 qui
1314 3921 1477 3994 vertunt,
1508 3931 1548 3980 ne
1555 3905 1644 4001 fidite
1651 3891 1752 3994 prad?

673 3997 731 4072 in
752 4013 810 4068 ont
826 3995 947 4092 plebeio
964 3997 1104 4090 bonini,
1135 3993 1195 4071 sed
1215 3995 1279 4094 ipfi
1298 4000 1476 4098 principes
1497 4002 1570 4080 boc
1589 3991 1748 4183 epiri&
