<?xml version="1.0" encoding="UTF-8"?>
<!DOCTYPE html PUBLIC "-//W3C//DTD XHTML 1.0 Transitional//EN"
    "http://www.w3.org/TR/xhtml1/DTD/xhtml1-transitional.dtd">
<html xmlns="http://www.w3.org/1999/xhtml" xml:lang="en" lang="en">
 <head>
  <title>
</title>
<meta http-equiv="Content-Type" content="text/html;charset=utf-8" />
  <meta name='ocr-system' content='tesseract 3.04.00' />
  <meta name='ocr-capabilities' content='ocr_page ocr_carea ocr_par ocr_line ocrx_word'/>
</head>
<body>
  <div class='ocr_page' id='page_1' title='image "./hermannivenemac03venegoog_0201.png"; bbox 0 0 3984 5159; ppageno 0'>
   <div class='ocr_carea' id='block_1_1' title="bbox 624 518 1608 639">
    <p class='ocr_par' dir='ltr' id='par_1_1' title="bbox 624 518 1608 639">
     <span class='ocr_line' id='line_1_1' title="bbox 624 518 1608 639; baseline -0.017 -24"><span class='ocrx_word' id='word_1_1' title='bbox 624 560 691 639; x_wconf 69' lang='lat' dir='ltr'>m</span> <span class='ocrx_word' id='word_1_2' title='bbox 788 518 1608 608; x_wconf 80' lang='lat' dir='ltr'><strong>COMMENTARIUS</strong></span> 
     </span>
    </p>
   </div>
   <div class='ocr_carea' id='block_1_2' title="bbox 626 706 1780 827">
    <p class='ocr_par' dir='ltr' id='par_1_2' title="bbox 626 706 1780 827">
     <span class='ocr_line' id='line_1_2' title="bbox 626 706 1780 827; baseline -0.006 -33"><span class='ocrx_word' id='word_1_3' title='bbox 626 717 817 794; x_wconf 79' lang='lat' dir='ltr'>Obomiont</span> <span class='ocrx_word' id='word_1_4' title='bbox 839 718 920 792; x_wconf 81' lang='lat' dir='ltr'>mibi</span> <span class='ocrx_word' id='word_1_5' title='bbox 939 716 1158 827; x_wconf 76' lang='lat' dir='ltr'>benignitates</span> <span class='ocrx_word' id='word_1_6' title='bbox 1180 726 1264 801; x_wconf 82' lang='lat' dir='ltr'>tua,</span> <span class='ocrx_word' id='word_1_7' title='bbox 1297 706 1451 811; x_wconf 81' lang='lat' dir='ltr'>thooo!</span> <span class='ocrx_word' id='word_1_8' title='bbox 1473 710 1571 807; x_wconf 84' lang='lat' dir='ltr'>salar</span> <span class='ocrx_word' id='word_1_9' title='bbox 1598 709 1780 807; x_wconf 72' lang='lat' dir='ltr'>torserun-</span> 
     </span>
    </p>
   </div>
   <div class='ocr_carea' id='block_1_3' title="bbox 626 808 1821 1679">
    <p class='ocr_par' dir='ltr' id='par_1_3' title="bbox 626 808 1821 1679">
     <span class='ocr_line' id='line_1_3' title="bbox 626 808 1780 907; baseline -0.008 -17"><span class='ocrx_word' id='word_1_10' title='bbox 626 817 701 890; x_wconf 82' lang='lat' dir='ltr'>dum</span> <span class='ocrx_word' id='word_1_11' title='bbox 723 814 841 889; x_wconf 69' lang='lat' dir='ltr'>dilium</span> <span class='ocrx_word' id='word_1_12' title='bbox 864 829 970 887; x_wconf 83' lang='lat' dir='ltr'>tuum.</span> <span class='ocrx_word' id='word_1_13' title='bbox 1021 810 1072 883; x_wconf 84' lang='lat' dir='ltr'>Et</span> <span class='ocrx_word' id='word_1_14' title='bbox 1086 808 1269 907; x_wconf 81' lang='lat' dir='ltr'><em>respondebo</em></span> <span class='ocrx_word' id='word_1_15' title='bbox 1285 813 1427 903; x_wconf 78' lang='lat' dir='ltr'>emptori</span> <span class='ocrx_word' id='word_1_16' title='bbox 1441 832 1507 882; x_wconf 85' lang='lat' dir='ltr'>meo</span> <span class='ocrx_word' id='word_1_17' title='bbox 1526 812 1680 899; x_wconf 86' lang='lat' dir='ltr'>uerbum,</span> <span class='ocrx_word' id='word_1_18' title='bbox 1704 815 1780 906; x_wconf 77' lang='lat' dir='ltr'>quia</span> 
     </span>
     <span class='ocr_line' id='line_1_4' title="bbox 627 902 1780 1009; baseline -0.009 -22"><span class='ocrx_word' id='word_1_19' title='bbox 627 916 737 987; x_wconf 80' lang='lat' dir='ltr'>uerbis</span> <span class='ocrx_word' id='word_1_20' title='bbox 757 918 846 1000; x_wconf 79' lang='lat' dir='ltr'>tois,</span> <span class='ocrx_word' id='word_1_21' title='bbox 878 910 941 984; x_wconf 87' lang='lat' dir='ltr'>seu</span> <span class='ocrx_word' id='word_1_22' title='bbox 960 904 1142 1004; x_wconf 81' lang='lat' dir='ltr'>pruniffir,</span> <span class='ocrx_word' id='word_1_23' title='bbox 1174 902 1305 1009; x_wconf 81' lang='lat' dir='ltr'>confido.</span> <span class='ocrx_word' id='word_1_24' title='bbox 1333 906 1368 979; x_wconf 91' lang='lat' dir='ltr'>h.</span> <span class='ocrx_word' id='word_1_25' title='bbox 1398 926 1430 979; x_wconf 90' lang='lat' dir='ltr'>e.</span> <span class='ocrx_word' id='word_1_26' title='bbox 1485 904 1612 980; x_wconf 89' lang='lat' dir='ltr'>Praesta</span> <span class='ocrx_word' id='word_1_27' title='bbox 1633 923 1668 982; x_wconf 91' lang='lat' dir='ltr'>te</span> <span class='ocrx_word' id='word_1_28' title='bbox 1694 907 1780 980; x_wconf 91' lang='lat' dir='ltr'>mihi</span> 
     </span>
     <span class='ocr_line' id='line_1_5' title="bbox 630 1002 1781 1098; baseline -0.007 -15"><span class='ocrx_word' id='word_1_29' title='bbox 630 1010 869 1092; x_wconf 87' lang='lat' dir='ltr'>benevolum,</span> <span class='ocrx_word' id='word_1_30' title='bbox 901 1005 989 1082; x_wconf 90' lang='lat' dir='ltr'>mihi</span> <span class='ocrx_word' id='word_1_31' title='bbox 1010 1002 1267 1093; x_wconf 91' lang='lat' dir='ltr'>succurrendo,</span> <span class='ocrx_word' id='word_1_32' title='bbox 1299 1024 1428 1095; x_wconf 89' lang='lat' dir='ltr'>meque</span> <span class='ocrx_word' id='word_1_33' title='bbox 1449 1002 1631 1078; x_wconf 90' lang='lat' dir='ltr'>liberando</span> <span class='ocrx_word' id='word_1_34' title='bbox 1653 1026 1673 1077; x_wconf 89' lang='lat' dir='ltr'>a</span> <span class='ocrx_word' id='word_1_35' title='bbox 1696 1025 1781 1098; x_wconf 87' lang='lat' dir='ltr'>prae·</span> 
     </span>
     <span class='ocr_line' id='line_1_6' title="bbox 630 1098 1784 1200; baseline -0.006 -17"><span class='ocrx_word' id='word_1_36' title='bbox 630 1105 728 1183; x_wconf 89' lang='lat' dir='ltr'>sente</span> <span class='ocrx_word' id='word_1_37' title='bbox 752 1104 933 1200; x_wconf 74' lang='lat' dir='ltr'>periculo,</span> <span class='ocrx_word' id='word_1_38' title='bbox 963 1102 1225 1177; x_wconf 90' lang='lat' dir='ltr'>convenienter</span> <span class='ocrx_word' id='word_1_39' title='bbox 1256 1098 1423 1193; x_wconf 87' lang='lat' dir='ltr'>promisso</span> <span class='ocrx_word' id='word_1_40' title='bbox 1444 1114 1532 1190; x_wconf 90' lang='lat' dir='ltr'>tuo,</span> <span class='ocrx_word' id='word_1_41' title='bbox 1574 1102 1784 1187; x_wconf 12' lang='lat' dir='ltr'>utyhabeam</span> 
     </span>
     <span class='ocr_line' id='line_1_7' title="bbox 636 1196 1799 1297; baseline -0.01 -22"><span class='ocrx_word' id='word_1_42' title='bbox 636 1202 733 1297; x_wconf 88' lang='lat' dir='ltr'>quod</span> <span class='ocrx_word' id='word_1_43' title='bbox 746 1200 1003 1285; x_wconf 83' lang='lat' dir='ltr'>conviciatori,</span> <span class='ocrx_word' id='word_1_44' title='bbox 1029 1199 1065 1273; x_wconf 72' lang='grc' dir='ltr'>δι</span> <span class='ocrx_word' id='word_1_45' title='bbox 1089 1196 1221 1272; x_wconf 87' lang='lat' dir='ltr'>illusori</span> <span class='ocrx_word' id='word_1_46' title='bbox 1237 1218 1340 1287; x_wconf 88' lang='lat' dir='ltr'>meo,</span> <span class='ocrx_word' id='word_1_47' title='bbox 1367 1199 1428 1291; x_wconf 92' lang='lat' dir='ltr'>qui</span> <span class='ocrx_word' id='word_1_48' title='bbox 1441 1198 1527 1272; x_wconf 90' lang='lat' dir='ltr'>mihi</span> <span class='ocrx_word' id='word_1_49' title='bbox 1541 1198 1706 1294; x_wconf 90' lang='lat' dir='ltr'>pudenda</span> <span class='ocrx_word' id='word_1_50' title='bbox 1719 1197 1799 1270; x_wconf 90' lang='lat' dir='ltr'>cri·.</span> 
     </span>
     <span class='ocr_line' id='line_1_8' title="bbox 636 1294 1785 1391; baseline -0.005 -17"><span class='ocrx_word' id='word_1_51' title='bbox 636 1300 731 1374; x_wconf 89' lang='lat' dir='ltr'>mina</span> <span class='ocrx_word' id='word_1_52' title='bbox 743 1299 889 1391; x_wconf 89' lang='lat' dir='ltr'>objicit,</span> <span class='ocrx_word' id='word_1_53' title='bbox 914 1294 1064 1389; x_wconf 86' lang='lat' dir='ltr'>&amp;spem</span> <span class='ocrx_word' id='word_1_54' title='bbox 1086 1316 1202 1369; x_wconf 88' lang='lat' dir='ltr'>meam</span> <span class='ocrx_word' id='word_1_55' title='bbox 1219 1294 1361 1383; x_wconf 87' lang='lat' dir='ltr'>irridet,</span> <span class='ocrx_word' id='word_1_56' title='bbox 1387 1316 1578 1389; x_wconf 85' lang='lat' dir='ltr'>reponam,</span> <span class='ocrx_word' id='word_1_57' title='bbox 1603 1294 1785 1390; x_wconf 86' lang='lat' dir='ltr'>ipsumque</span> 
     </span>
     <span class='ocr_line' id='line_1_9' title="bbox 636 1388 1787 1487; baseline 0 -20"><span class='ocrx_word' id='word_1_58' title='bbox 636 1394 753 1469; x_wconf 88' lang='lat' dir='ltr'>valide</span> <span class='ocrx_word' id='word_1_59' title='bbox 784 1394 959 1480; x_wconf 70' lang='lat' dir='ltr'>refutem</span> <span class='ocrx_word' id='word_1_60' title='bbox 992 1390 1089 1487; x_wconf 91' lang='lat' dir='ltr'>quod</span> <span class='ocrx_word' id='word_1_61' title='bbox 1115 1389 1266 1465; x_wconf 89' lang='lat' dir='ltr'>fidenter</span> <span class='ocrx_word' id='word_1_62' title='bbox 1287 1388 1378 1464; x_wconf 88' lang='lat' dir='ltr'>aTe</span> <span class='ocrx_word' id='word_1_63' title='bbox 1394 1410 1504 1487; x_wconf 90' lang='lat' dir='ltr'>peto,</span> <span class='ocrx_word' id='word_1_64' title='bbox 1539 1392 1707 1486; x_wconf 84' lang='lat' dir='ltr'>promisso</span> <span class='ocrx_word' id='word_1_65' title='bbox 1722 1412 1787 1467; x_wconf 85' lang='lat' dir='ltr'>tuo</span> 
     </span>
     <span class='ocr_line' id='line_1_10' title="bbox 638 1486 1821 1591; baseline -0.007 -22"><span class='ocrx_word' id='word_1_66' title='bbox 638 1496 751 1569; x_wconf 83' lang='lat' dir='ltr'>nixus.</span> <span class='ocrx_word' id='word_1_67' title='bbox 802 1490 891 1566; x_wconf 92' lang='lat' dir='ltr'>Cum</span> <span class='ocrx_word' id='word_1_68' title='bbox 901 1490 1011 1576; x_wconf 88' lang='lat' dir='ltr'>&#39;dicit,</span> <span class='ocrx_word' id='word_1_69' title='bbox 1037 1488 1293 1585; x_wconf 75' lang='lat' dir='ltr'>secorptorijito</span> <span class='ocrx_word' id='word_1_70' title='bbox 1307 1486 1525 1585; x_wconf 71' lang='lat' dir='ltr'>responsurum</span> <span class='ocrx_word' id='word_1_71' title='bbox 1540 1490 1630 1578; x_wconf 89' lang='lat' dir='ltr'>else,</span> <span class='ocrx_word' id='word_1_72' title='bbox 1652 1488 1687 1563; x_wconf 90' lang='lat' dir='ltr'>se</span> <span class='ocrx_word' id='word_1_73' title='bbox 1703 1489 1788 1591; x_wconf 81' lang='lat' dir='ltr'>illud</span> <span class='ocrx_word' id='word_1_74' title='bbox 1817 1536 1821 1543; x_wconf 88' lang='lat'><em>-</em></span> 
     </span>
     <span class='ocr_line' id='line_1_11' title="bbox 643 1586 1786 1679; baseline -0.003 -16"><span class='ocrx_word' id='word_1_75' title='bbox 643 1611 764 1665; x_wconf 90' lang='lat' dir='ltr'>coram</span> <span class='ocrx_word' id='word_1_76' title='bbox 787 1588 980 1675; x_wconf 76' lang='lat' dir='ltr'>faciurum,</span> <span class='ocrx_word' id='word_1_77' title='bbox 1007 1586 1165 1679; x_wconf 87' lang='lat' dir='ltr'>adeoque</span> <span class='ocrx_word' id='word_1_78' title='bbox 1187 1606 1267 1659; x_wconf 91' lang='lat' dir='ltr'>cum</span> <span class='ocrx_word' id='word_1_79' title='bbox 1291 1607 1337 1659; x_wconf 90' lang='lat' dir='ltr'>eo</span> <span class='ocrx_word' id='word_1_80' title='bbox 1357 1586 1529 1679; x_wconf 79' lang='lat' dir='ltr'>prasente</span> <span class='ocrx_word' id='word_1_81' title='bbox 1547 1586 1728 1675; x_wconf 73' lang='lat' dir='ltr'>ablutum,</span> <span class='ocrx_word' id='word_1_82' title='bbox 1753 1586 1786 1659; x_wconf 74' lang='grc' dir='ltr'>δι</span> 
     </span>
    </p>
   </div>
   <div class='ocr_carea' id='block_1_4' title="bbox 512 1680 1789 1773">
    <p class='ocr_par' dir='ltr' id='par_1_4' title="bbox 512 1680 1789 1773">
     <span class='ocr_line' id='line_1_12' title="bbox 512 1680 1789 1773; baseline -0.002 -11"><span class='ocrx_word' id='word_1_83' title='bbox 512 1756 516 1762; x_wconf 84' lang='grc'><em>.</em></span> <span class='ocrx_word' id='word_1_84' title='bbox 644 1687 779 1761; x_wconf 88' lang='lat' dir='ltr'>causam</span> <span class='ocrx_word' id='word_1_85' title='bbox 795 1684 888 1761; x_wconf 87' lang='lat' dir='ltr'>suam</span> <span class='ocrx_word' id='word_1_86' title='bbox 903 1681 1132 1758; x_wconf 87' lang='lat' dir='ltr'>defensurum</span> <span class='ocrx_word' id='word_1_87' title='bbox 1148 1680 1241 1773; x_wconf 81' lang='lat' dir='ltr'>effe,</span> <span class='ocrx_word' id='word_1_88' title='bbox 1265 1682 1357 1756; x_wconf 87' lang='lat' dir='ltr'>haud</span> <span class='ocrx_word' id='word_1_89' title='bbox 1373 1682 1521 1757; x_wconf 90' lang='lat' dir='ltr'>obscure</span> <span class='ocrx_word' id='word_1_90' title='bbox 1533 1682 1684 1759; x_wconf 87' lang='lat' dir='ltr'>indicat:</span> <span class='ocrx_word' id='word_1_91' title='bbox 1707 1705 1789 1759; x_wconf 90' lang='lat' dir='ltr'>cum</span> 
     </span>
    </p>
   </div>
   <div class='ocr_carea' id='block_1_5' title="bbox 564 1776 1826 4106">
    <p class='ocr_par' dir='ltr' id='par_1_5' title="bbox 597 1776 1813 3018">
     <span class='ocr_line' id='line_1_13' title="bbox 643 1776 1791 1877; baseline -0.005 -18"><span class='ocrx_word' id='word_1_92' title='bbox 643 1806 731 1859; x_wconf 86' lang='lat' dir='ltr'>vero</span> <span class='ocrx_word' id='word_1_93' title='bbox 751 1806 835 1858; x_wconf 83' lang='lat' dir='ltr'>mox</span> <span class='ocrx_word' id='word_1_94' title='bbox 855 1783 1060 1877; x_wconf 85' lang='lat' dir='ltr'>subjungat,</span> <span class='ocrx_word' id='word_1_95' title='bbox 1091 1780 1125 1853; x_wconf 91' lang='lat' dir='ltr'>se</span> <span class='ocrx_word' id='word_1_96' title='bbox 1148 1785 1185 1853; x_wconf 85' lang='lat' dir='ltr'>in</span> <span class='ocrx_word' id='word_1_97' title='bbox 1206 1782 1301 1851; x_wconf 84' lang='lat' dir='ltr'>uerbo</span> <span class='ocrx_word' id='word_1_98' title='bbox 1323 1776 1472 1877; x_wconf 80' lang='lat' dir='ltr'>Jehooae</span> <span class='ocrx_word' id='word_1_99' title='bbox 1488 1780 1646 1875; x_wconf 83' lang='lat' dir='ltr'>fiduciam</span> <span class='ocrx_word' id='word_1_100' title='bbox 1660 1782 1791 1854; x_wconf 87' lang='lat' dir='ltr'>habere</span> 
     </span>
     <span class='ocr_line' id='line_1_14' title="bbox 642 1874 1794 1979; baseline -0.002 -24"><span class='ocrx_word' id='word_1_101' title='bbox 642 1880 852 1979; x_wconf 87' lang='lat' dir='ltr'>repofitam,</span> <span class='ocrx_word' id='word_1_102' title='bbox 876 1894 923 1952; x_wconf 88' lang='lat' dir='ltr'>eo</span> <span class='ocrx_word' id='word_1_103' title='bbox 952 1897 1095 1969; x_wconf 88' lang='lat' dir='ltr'>quoque</span> <span class='ocrx_word' id='word_1_104' title='bbox 1122 1874 1304 1969; x_wconf 72' lang='lat' dir='ltr'>respexisse</span> <span class='ocrx_word' id='word_1_105' title='bbox 1333 1877 1565 1967; x_wconf 89' lang='lat' dir='ltr'>calumniam,</span> <span class='ocrx_word' id='word_1_106' title='bbox 1600 1894 1639 1953; x_wconf 93' lang='lat' dir='ltr'>ut</span> <span class='ocrx_word' id='word_1_107' title='bbox 1658 1874 1794 1953; x_wconf 75' lang='lat' dir='ltr'>fiducia</span> 
     </span>
     <span class='ocr_line' id='line_1_15' title="bbox 646 1971 1793 2075; baseline -0.003 -18"><span class='ocrx_word' id='word_1_108' title='bbox 646 1984 724 2075; x_wconf 74' lang='lat' dir='ltr'>eius</span> <span class='ocrx_word' id='word_1_109' title='bbox 739 1979 879 2053; x_wconf 90' lang='lat' dir='ltr'>bonitas</span> <span class='ocrx_word' id='word_1_110' title='bbox 898 1972 960 2067; x_wconf 90' lang='lat' dir='ltr'>ipfi</span> <span class='ocrx_word' id='word_1_111' title='bbox 980 1971 1089 2046; x_wconf 82' lang='lat' dir='ltr'>luerit</span> <span class='ocrx_word' id='word_1_112' title='bbox 1102 1973 1145 2045; x_wconf 88' lang='lat' dir='ltr'>ab</span> <span class='ocrx_word' id='word_1_113' title='bbox 1158 1972 1397 2047; x_wconf 69' lang='lat' dir='ltr'>obtrectatore</span> <span class='ocrx_word' id='word_1_114' title='bbox 1413 1973 1571 2066; x_wconf 71' lang='lat' dir='ltr'>objetla,</span> <span class='ocrx_word' id='word_1_115' title='bbox 1599 1976 1705 2049; x_wconf 89' lang='lat' dir='ltr'>tacite</span> <span class='ocrx_word' id='word_1_116' title='bbox 1718 1975 1793 2053; x_wconf 74' lang='lat' dir='ltr'>inst·</span> 
     </span>
     <span class='ocr_line' id='line_1_16' title="bbox 648 2066 1797 2163; baseline -0.007 -10"><span class='ocrx_word' id='word_1_117' title='bbox 648 2093 790 2153; x_wconf 87' lang='lat' dir='ltr'>nuatur.</span> <span class='ocrx_word' id='word_1_118' title='bbox 853 2070 908 2142; x_wconf 85' lang='lat' dir='ltr'>Ex</span> <span class='ocrx_word' id='word_1_119' title='bbox 934 2089 1005 2162; x_wconf 92' lang='lat' dir='ltr'>quo</span> <span class='ocrx_word' id='word_1_120' title='bbox 1029 2066 1220 2157; x_wconf 86' lang='lat' dir='ltr'>elucescit,</span> <span class='ocrx_word' id='word_1_121' title='bbox 1258 2072 1460 2163; x_wconf 84' lang='lat' dir='ltr'>pericopam</span> <span class='ocrx_word' id='word_1_122' title='bbox 1489 2068 1582 2143; x_wconf 75' lang='lat' dir='ltr'>recle</span> <span class='ocrx_word' id='word_1_123' title='bbox 1606 2068 1734 2145; x_wconf 84' lang='lat' dir='ltr'>referri</span> <span class='ocrx_word' id='word_1_124' title='bbox 1754 2072 1797 2146; x_wconf 90' lang='lat' dir='ltr'>ad</span> 
     </span>
     <span class='ocr_line' id='line_1_17' title="bbox 653 2164 1813 2261; baseline -0.002 -14"><span class='ocrx_word' id='word_1_125' title='bbox 653 2176 743 2247; x_wconf 87' lang='lat' dir='ltr'>duos</span> <span class='ocrx_word' id='word_1_126' title='bbox 755 2170 835 2239; x_wconf 92' lang='lat' dir='ltr'>illos</span> <span class='ocrx_word' id='word_1_127' title='bbox 848 2164 943 2240; x_wconf 90' lang='lat' dir='ltr'>casus</span> <span class='ocrx_word' id='word_1_128' title='bbox 961 2164 1073 2239; x_wconf 90' lang='lat' dir='ltr'>modo</span> <span class='ocrx_word' id='word_1_129' title='bbox 1089 2180 1321 2255; x_wconf 85' lang='lat' dir='ltr'>memoratos,</span> <span class='ocrx_word' id='word_1_130' title='bbox 1348 2169 1472 2261; x_wconf 88' lang='lat' dir='ltr'>quibus</span> <span class='ocrx_word' id='word_1_131' title='bbox 1494 2167 1564 2242; x_wconf 89' lang='lat' dir='ltr'>sese</span> <span class='ocrx_word' id='word_1_132' title='bbox 1582 2188 1702 2244; x_wconf 89' lang='lat' dir='ltr'>coram</span> <span class='ocrx_word' id='word_1_133' title='bbox 1717 2169 1813 2245; x_wconf 81' lang='lat' dir='ltr'>Sau·&#39;</span> 
     </span>
     <span class='ocr_line' id='line_1_18' title="bbox 656 2262 1797 2352; baseline -0.004 -9"><span class='ocrx_word' id='word_1_134' title='bbox 656 2270 695 2343; x_wconf 90' lang='lat' dir='ltr'>lo</span> <span class='ocrx_word' id='word_1_135' title='bbox 720 2263 899 2352; x_wconf 85' lang='lat' dir='ltr'>defendit,</span> <span class='ocrx_word' id='word_1_136' title='bbox 938 2262 1305 2351; x_wconf 83' lang='lat' dir='ltr'>&amp;calumniatoribus</span> <span class='ocrx_word' id='word_1_137' title='bbox 1328 2286 1367 2337; x_wconf 90' lang='lat' dir='ltr'>os</span> <span class='ocrx_word' id='word_1_138' title='bbox 1389 2262 1581 2340; x_wconf 87' lang='lat' dir='ltr'>obstruxit:</span> <span class='ocrx_word' id='word_1_139' title='bbox 1618 2264 1797 2340; x_wconf 77' lang='lat' dir='ltr'>seledla&amp;</span> 
     </span>
     <span class='ocr_line' id='line_1_19' title="bbox 653 2356 1799 2461; baseline -0.003 -21"><span class='ocrx_word' id='word_1_140' title='bbox 653 2362 851 2458; x_wconf 87' lang='lat' dir='ltr'>emphatica</span> <span class='ocrx_word' id='word_1_141' title='bbox 873 2358 1000 2455; x_wconf 82' lang='lat' dir='ltr'>phrasis</span> <span class='ocrx_word' id='word_1_142' title='bbox 1022 2356 1093 2445; x_wconf 90' lang='lat' dir='ltr'>est,</span> <span class='ocrx_word' id='word_1_143' title='bbox 1118 2356 1300 2461; x_wconf 65' lang='lat' dir='ltr'>respuendae</span> <span class='ocrx_word' id='word_1_144' title='bbox 1323 2366 1485 2455; x_wconf 84' lang='lat' dir='ltr'>carpturi,</span> <span class='ocrx_word' id='word_1_145' title='bbox 1512 2364 1571 2434; x_wconf 89' lang='lat' dir='ltr'>vel</span> <span class='ocrx_word' id='word_1_146' title='bbox 1587 2361 1799 2438; x_wconf 79' lang='lat' dir='ltr'>obtretbato·</span> 
     </span>
     <span class='ocr_line' id='line_1_20' title="bbox 651 2452 1802 2554; baseline 0.003 -22"><span class='ocrx_word' id='word_1_147' title='bbox 651 2465 702 2554; x_wconf 81' lang='lat' dir='ltr'>ri,</span> <span class='ocrx_word' id='word_1_148' title='bbox 728 2463 883 2548; x_wconf 82' lang='lat' dir='ltr'>verbam,</span> <span class='ocrx_word' id='word_1_149' title='bbox 907 2478 1008 2553; x_wconf 81' lang='lat' dir='ltr'>quae,</span> <span class='ocrx_word' id='word_1_150' title='bbox 1023 2458 1075 2530; x_wconf 91' lang='lat' dir='ltr'>uti</span> <span class='ocrx_word' id='word_1_151' title='bbox 1090 2452 1182 2537; x_wconf 70' lang='lat' dir='ltr'>reste</span> <span class='ocrx_word' id='word_1_152' title='bbox 1197 2454 1359 2549; x_wconf 84' lang='lat' dir='ltr'>exposuit</span> <span class='ocrx_word' id='word_1_153' title='bbox 1372 2456 1425 2530; x_wconf 91' lang='lat' dir='ltr'>Cl.</span> <span class='ocrx_word' id='word_1_154' title='bbox 1440 2458 1623 2534; x_wconf 88' lang='lat' dir='ltr'>Schultens</span> <span class='ocrx_word' id='word_1_155' title='bbox 1640 2460 1683 2533; x_wconf 93' lang='lat' dir='ltr'>ad</span> <span class='ocrx_word' id='word_1_156' title='bbox 1696 2460 1802 2537; x_wconf 75' lang='lat' dir='ltr'>Prou</span> 
     </span>
     <span class='ocr_line' id='line_1_21' title="bbox 653 2552 1803 2648; baseline -0.002 -14"><span class='ocrx_word' id='word_1_157' title='bbox 653 2580 769 2637; x_wconf 82' lang='lat' dir='ltr'>xxvu:</span> <span class='ocrx_word' id='word_1_158' title='bbox 797 2578 875 2648; x_wconf 89' lang='lat'>11.,</span> <span class='ocrx_word' id='word_1_159' title='bbox 900 2554 962 2629; x_wconf 89' lang='lat' dir='ltr'>ubi</span> <span class='ocrx_word' id='word_1_160' title='bbox 986 2553 1110 2627; x_wconf 90' lang='lat' dir='ltr'>eadem</span> <span class='ocrx_word' id='word_1_161' title='bbox 1125 2554 1301 2642; x_wconf 85' lang='lat' dir='ltr'>occurrit,</span> <span class='ocrx_word' id='word_1_162' title='bbox 1327 2552 1546 2645; x_wconf 86' lang='lat' dir='ltr'>adversari0,</span> <span class='ocrx_word' id='word_1_163' title='bbox 1572 2557 1670 2630; x_wconf 86' lang='lat' dir='ltr'>litem</span> <span class='ocrx_word' id='word_1_164' title='bbox 1687 2559 1803 2632; x_wconf 89' lang='lat' dir='ltr'>luten·</span> 
     </span>
     <span class='ocr_line' id='line_1_22' title="bbox 656 2650 1805 2751; baseline -0.003 -21"><span class='ocrx_word' id='word_1_165' title='bbox 656 2657 767 2741; x_wconf 85' lang='lat' dir='ltr'>tanti,</span> <span class='ocrx_word' id='word_1_166' title='bbox 798 2652 1053 2746; x_wconf 81' lang='lat' dir='ltr'>&amp;opprobria</span> <span class='ocrx_word' id='word_1_167' title='bbox 1083 2651 1332 2743; x_wconf 88' lang='lat' dir='ltr'>intorquenti,</span> <span class='ocrx_word' id='word_1_168' title='bbox 1371 2666 1468 2751; x_wconf 87' lang='lat' dir='ltr'>tanta</span> <span class='ocrx_word' id='word_1_169' title='bbox 1487 2674 1568 2727; x_wconf 90' lang='lat' dir='ltr'>cum</span> <span class='ocrx_word' id='word_1_170' title='bbox 1592 2650 1741 2727; x_wconf 86' lang='lat' dir='ltr'>efficacia</span> <span class='ocrx_word' id='word_1_171' title='bbox 1769 2654 1805 2727; x_wconf 76' lang='lat' dir='ltr'>dt</span> 
     </span>
     <span class='ocr_line' id='line_1_23' title="bbox 661 2746 1808 2847; baseline -0.003 -21"><span class='ocrx_word' id='word_1_172' title='bbox 661 2748 890 2847; x_wconf 72' lang='lat' dir='ltr'>convifiione</span> <span class='ocrx_word' id='word_1_173' title='bbox 912 2746 1116 2838; x_wconf 90' lang='lat' dir='ltr'>responsum</span> <span class='ocrx_word' id='word_1_174' title='bbox 1130 2748 1301 2835; x_wconf 86' lang='lat' dir='ltr'>reddere,</span> <span class='ocrx_word' id='word_1_175' title='bbox 1323 2748 1492 2838; x_wconf 90' lang='lat' dir='ltr'>denotat,</span> <span class='ocrx_word' id='word_1_176' title='bbox 1517 2766 1558 2824; x_wconf 92' lang='lat' dir='ltr'>ut</span> <span class='ocrx_word' id='word_1_177' title='bbox 1569 2750 1808 2825; x_wconf 87' lang='lat' dir='ltr'>confundatur</span> 
     </span>
     <span class='ocr_line' id='line_1_24' title="bbox 664 2840 1806 2944; baseline 0 -25"><span class='ocrx_word' id='word_1_178' title='bbox 664 2848 699 2919; x_wconf 71' lang='grc' dir='ltr'>δι</span> <span class='ocrx_word' id='word_1_179' title='bbox 720 2865 841 2918; x_wconf 90' lang='lat' dir='ltr'>manus</span> <span class='ocrx_word' id='word_1_180' title='bbox 861 2844 1028 2937; x_wconf 85' lang='lat' dir='ltr'>praebeat.</span> <span class='ocrx_word' id='word_1_181' title='bbox 1077 2840 1312 2941; x_wconf 85' lang='lat' dir='ltr'>Quod·Saulo</span> <span class='ocrx_word' id='word_1_182' title='bbox 1338 2846 1389 2919; x_wconf 91' lang='lat' dir='ltr'>bis</span> <span class='ocrx_word' id='word_1_183' title='bbox 1411 2846 1592 2944; x_wconf 77' lang='lat' dir='ltr'>contigisse</span> <span class='ocrx_word' id='word_1_184' title='bbox 1607 2870 1627 2921; x_wconf 85' lang='lat' dir='ltr'>a</span> <span class='ocrx_word' id='word_1_185' title='bbox 1643 2846 1806 2938; x_wconf 88' lang='lat' dir='ltr'>Davide,</span> 
     </span>
     <span class='ocr_line' id='line_1_25' title="bbox 597 2939 1278 3018; baseline -0.003 -1"><span class='ocrx_word' id='word_1_186' title='bbox 597 2984 603 2991; x_wconf 92' lang='lat'>·</span> <span class='ocrx_word' id='word_1_187' title='bbox 665 2939 803 3018; x_wconf 86' lang='lat' dir='ltr'>constat</span> <span class='ocrx_word' id='word_1_188' title='bbox 827 2960 872 3011; x_wconf 84' lang='lat' dir='ltr'>ex</span> <span class='ocrx_word' id='word_1_189' title='bbox 888 2960 903 3011; x_wconf 91' lang='lat'>1</span> <span class='ocrx_word' id='word_1_190' title='bbox 922 2940 1014 3013; x_wconf 90' lang='lat' dir='ltr'>Sam.</span> <span class='ocrx_word' id='word_1_191' title='bbox 1031 2959 1117 3011; x_wconf 75' lang='lat' dir='ltr'>xxiv</span> <span class='ocrx_word' id='word_1_192' title='bbox 1133 2939 1166 3011; x_wconf 88' lang='lat'>&amp;</span> <span class='ocrx_word' id='word_1_193' title='bbox 1182 2960 1278 3016; x_wconf 85' lang='lat' dir='ltr'>xxvt.</span> 
     </span>
    </p>

    <p class='ocr_par' dir='ltr' id='par_1_6' title="bbox 564 3026 1817 3619">
     <span class='ocr_line' id='line_1_26' title="bbox 713 3026 1812 3135; baseline 0.009 -28"><span class='ocrx_word' id='word_1_194' title='bbox 713 3045 745 3133; x_wconf 85' lang='lat'>§.</span> <span class='ocrx_word' id='word_1_195' title='bbox 763 3026 877 3109; x_wconf 85' lang='lat' dir='ltr'><strong>XXV.</strong></span> <span class='ocrx_word' id='word_1_196' title='bbox 915 3035 955 3108; x_wconf 91' lang='lat' dir='ltr'>ln</span> <span class='ocrx_word' id='word_1_197' title='bbox 984 3033 1233 3127; x_wconf 78' lang='lat' dir='ltr'>propositionis</span> <span class='ocrx_word' id='word_1_198' title='bbox 1262 3039 1441 3113; x_wconf 74' lang='lat' dir='ltr'>dedufiiooe</span> <span class='ocrx_word' id='word_1_199' title='bbox 1463 3040 1498 3115; x_wconf 74' lang='grc' dir='ltr'>δι</span> <span class='ocrx_word' id='word_1_200' title='bbox 1519 3040 1812 3135; x_wconf 87' lang='lat' dir='ltr'>amplificatione,</span> 
     </span>
     <span class='ocr_line' id='line_1_27' title="bbox 665 3130 1811 3235; baseline 0.004 -27"><span class='ocrx_word' id='word_1_201' title='bbox 665 3174 700 3215; x_wconf 75' lang='lat' dir='ltr'>a.</span> <span class='ocrx_word' id='word_1_202' title='bbox 717 3152 842 3233; x_wconf 82' lang='lat' dir='ltr'>preces</span> <span class='ocrx_word' id='word_1_203' title='bbox 857 3130 970 3227; x_wconf 76' lang='lat' dir='ltr'>phrasi</span> <span class='ocrx_word' id='word_1_204' title='bbox 985 3144 1156 3227; x_wconf 85' lang='lat' dir='ltr'>negante,</span> <span class='ocrx_word' id='word_1_205' title='bbox 1171 3154 1247 3227; x_wconf 83' lang='lat' dir='ltr'>quae</span> <span class='ocrx_word' id='word_1_206' title='bbox 1260 3132 1503 3211; x_wconf 88' lang='lat' dir='ltr'>adfirmantem</span> <span class='ocrx_word' id='word_1_207' title='bbox 1517 3139 1686 3229; x_wconf 88' lang='lat' dir='ltr'>includit,</span> <span class='ocrx_word' id='word_1_208' title='bbox 1711 3162 1811 3235; x_wconf 90' lang='lat' dir='ltr'>repe-</span> 
     </span>
     <span class='ocr_line' id='line_1_28' title="bbox 664 3227 1814 3329; baseline -0.003 -16"><span class='ocrx_word' id='word_1_209' title='bbox 664 3241 732 3325; x_wconf 89' lang='lat' dir='ltr'>tit,</span> <span class='ocrx_word' id='word_1_210' title='bbox 760 3243 888 3324; x_wconf 85' lang='lat' dir='ltr'>easque</span> <span class='ocrx_word' id='word_1_211' title='bbox 917 3227 1044 3305; x_wconf 87' lang='lat' dir='ltr'>fundat</span> <span class='ocrx_word' id='word_1_212' title='bbox 1070 3228 1107 3301; x_wconf 91' lang='lat' dir='ltr'>in</span> <span class='ocrx_word' id='word_1_213' title='bbox 1124 3230 1334 3321; x_wconf 90' lang='lat' dir='ltr'>judiciorum</span> <span class='ocrx_word' id='word_1_214' title='bbox 1358 3233 1428 3306; x_wconf 90' lang='lat' dir='ltr'>Dei</span> <span class='ocrx_word' id='word_1_215' title='bbox 1451 3234 1731 3329; x_wconf 74' lang='lat' dir='ltr'>exspectatione,</span> <span class='ocrx_word' id='word_1_216' title='bbox 1770 3258 1814 3311; x_wconf 84' lang='lat' dir='ltr'>ac</span> 
     </span>
     <span class='ocr_line' id='line_1_29' title="bbox 667 3325 1813 3431; baseline 0.004 -26"><span class='ocrx_word' id='word_1_217' title='bbox 667 3330 851 3431; x_wconf 85' lang='lat' dir='ltr'>proposito</span> <span class='ocrx_word' id='word_1_218' title='bbox 873 3340 1051 3421; x_wconf 88' lang='lat' dir='ltr'>praecepta</span> <span class='ocrx_word' id='word_1_219' title='bbox 1072 3325 1143 3400; x_wconf 90' lang='lat' dir='ltr'>Dei</span> <span class='ocrx_word' id='word_1_220' title='bbox 1164 3329 1200 3403; x_wconf 91' lang='lat' dir='ltr'>in</span> <span class='ocrx_word' id='word_1_221' title='bbox 1225 3346 1437 3424; x_wconf 79' lang='lat' dir='ltr'>perpetuum</span> <span class='ocrx_word' id='word_1_222' title='bbox 1458 3330 1689 3425; x_wconf 87' lang='lat' dir='ltr'>observandi,</span> <span class='ocrx_word' id='word_1_223' title='bbox 1723 3332 1813 3410; x_wconf 88' lang='lat' dir='ltr'>vers.</span> 
     </span>
     <span class='ocr_line' id='line_1_30' title="bbox 564 3423 1816 3525; baseline 0.007 -29"><span class='ocrx_word' id='word_1_224' title='bbox 564 3474 567 3480; x_wconf 88' lang='lat'>-</span> <span class='ocrx_word' id='word_1_225' title='bbox 667 3456 729 3525; x_wconf 80' lang='lat'>43,</span> <span class='ocrx_word' id='word_1_226' title='bbox 744 3452 801 3520; x_wconf 89' lang='lat'>44.</span> <span class='ocrx_word' id='word_1_227' title='bbox 824 3423 882 3497; x_wconf 90' lang='lat' dir='ltr'>Ne</span> <span class='ocrx_word' id='word_1_228' title='bbox 901 3428 1047 3497; x_wconf 82' lang='lat' dir='ltr'>excutior</span> <span class='ocrx_word' id='word_1_229' title='bbox 1074 3430 1125 3497; x_wconf 85' lang='lat' dir='ltr'>ore</span> <span class='ocrx_word' id='word_1_230' title='bbox 1147 3450 1213 3498; x_wconf 86' lang='lat' dir='ltr'>meo</span> <span class='ocrx_word' id='word_1_231' title='bbox 1242 3424 1372 3523; x_wconf 83' lang='lat' dir='ltr'>(excuti</span> <span class='ocrx_word' id='word_1_232' title='bbox 1407 3448 1470 3521; x_wconf 91' lang='lat' dir='ltr'>per</span> <span class='ocrx_word' id='word_1_233' title='bbox 1498 3446 1633 3505; x_wconf 89' lang='lat' dir='ltr'>metum</span> <span class='ocrx_word' id='word_1_234' title='bbox 1657 3436 1718 3508; x_wconf 86' lang='lat' dir='ltr'>au&#39;t</span> <span class='ocrx_word' id='word_1_235' title='bbox 1740 3430 1816 3505; x_wconf 90' lang='lat' dir='ltr'>vio·</span> 
     </span>
     <span class='ocr_line' id='line_1_31' title="bbox 564 3521 1817 3619; baseline -0.001 -18"><span class='ocrx_word' id='word_1_236' title='bbox 564 3592 574 3601; x_wconf 88' lang='lat'><strong>.</strong></span> <span class='ocrx_word' id='word_1_237' title='bbox 669 3529 815 3601; x_wconf 88' lang='lat' dir='ltr'>lentiam</span> <span class='ocrx_word' id='word_1_238' title='bbox 830 3521 1085 3619; x_wconf 86' lang='lat' dir='ltr'>persecutionis</span> <span class='ocrx_word' id='word_1_239' title='bbox 1099 3542 1144 3596; x_wconf 90' lang='lat' dir='ltr'>ne</span> <span class='ocrx_word' id='word_1_240' title='bbox 1160 3522 1319 3616; x_wconf 88' lang='lat' dir='ltr'>patiaris,</span> <span class='ocrx_word' id='word_1_241' title='bbox 1331 3542 1371 3597; x_wconf 88' lang='lat' dir='ltr'>ut</span> <span class='ocrx_word' id='word_1_242' title='bbox 1385 3525 1501 3617; x_wconf 90' lang='lat' dir='ltr'>eloqui</span> <span class='ocrx_word' id='word_1_243' title='bbox 1516 3548 1588 3600; x_wconf 91' lang='lat' dir='ltr'>non</span> <span class='ocrx_word' id='word_1_244' title='bbox 1603 3528 1726 3603; x_wconf 82' lang='lat' dir='ltr'>ausim:</span> <span class='ocrx_word' id='word_1_245' title='bbox 1737 3549 1817 3601; x_wconf 90' lang='lat' dir='ltr'>ver-</span> 
     </span>
    </p>

    <p class='ocr_par' dir='ltr' id='par_1_7' title="bbox 669 3620 1826 4106">
     <span class='ocr_line' id='line_1_32' title="bbox 669 3620 1817 3719; baseline 0 -20"><span class='ocrx_word' id='word_1_246' title='bbox 669 3626 759 3699; x_wconf 89' lang='lat' dir='ltr'>bum</span> <span class='ocrx_word' id='word_1_247' title='bbox 779 3625 873 3695; x_wconf 87' lang='lat' dir='ltr'>enim</span> <span class='ocrx_word' id='word_1_248' title='bbox 895 3620 1160 3694; x_wconf 67' lang='lat' dir='ltr'>bri&#39;violentam</span> <span class='ocrx_word' id='word_1_249' title='bbox 1189 3620 1353 3694; x_wconf 88' lang='lat' dir='ltr'>continet</span> <span class='ocrx_word' id='word_1_250' title='bbox 1383 3623 1608 3697; x_wconf 71' lang='lat' dir='ltr'>exorationem</span> <span class='ocrx_word' id='word_1_251' title='bbox 1637 3626 1670 3698; x_wconf 84' lang='lat' dir='ltr'>dt</span> <span class='ocrx_word' id='word_1_252' title='bbox 1695 3626 1817 3719; x_wconf 89' lang='lat' dir='ltr'>despo-</span> 
     </span>
     <span class='ocr_line' id='line_1_33' title="bbox 673 3715 1819 3813; baseline 0 -20"><span class='ocrx_word' id='word_1_253' title='bbox 673 3717 877 3813; x_wconf 86' lang='lat' dir='ltr'>liationem)</span> <span class='ocrx_word' id='word_1_254' title='bbox 901 3720 1035 3788; x_wconf 83' lang='lat' dir='ltr'>uerbum</span> <span class='ocrx_word' id='word_1_255' title='bbox 1056 3720 1211 3786; x_wconf 85' lang='lat' dir='ltr'>ueritatis</span> <span class='ocrx_word' id='word_1_256' title='bbox 1232 3715 1326 3813; x_wconf 89' lang='lat' dir='ltr'>(quo</span> <span class='ocrx_word' id='word_1_257' title='bbox 1345 3741 1461 3793; x_wconf 90' lang='lat' dir='ltr'>meam</span> <span class='ocrx_word' id='word_1_258' title='bbox 1474 3721 1714 3795; x_wconf 88' lang='lat' dir='ltr'>innocentiam</span> <span class='ocrx_word' id='word_1_259' title='bbox 1732 3722 1765 3795; x_wconf 77' lang='grc' dir='ltr'>δι</span> <span class='ocrx_word' id='word_1_260' title='bbox 1781 3718 1819 3793; x_wconf 91' lang='lat' dir='ltr'>fi-</span> 
     </span>
     <span class='ocr_line' id='line_1_34' title="bbox 675 3810 1822 3903; baseline 0.004 -14"><span class='ocrx_word' id='word_1_261' title='bbox 675 3814 812 3889; x_wconf 88' lang='lat' dir='ltr'>duciam</span> <span class='ocrx_word' id='word_1_262' title='bbox 825 3814 863 3884; x_wconf 88' lang='lat' dir='ltr'>in</span> <span class='ocrx_word' id='word_1_263' title='bbox 882 3827 918 3884; x_wconf 87' lang='lat' dir='ltr'>te</span> <span class='ocrx_word' id='word_1_264' title='bbox 932 3811 1082 3885; x_wconf 87' lang='lat' dir='ltr'>firmiter</span> <span class='ocrx_word' id='word_1_265' title='bbox 1096 3810 1272 3903; x_wconf 90' lang='lat' dir='ltr'>defendo,</span> <span class='ocrx_word' id='word_1_266' title='bbox 1304 3814 1485 3891; x_wconf 85' lang='lat' dir='ltr'>&amp;causam</span> <span class='ocrx_word' id='word_1_267' title='bbox 1500 3820 1658 3893; x_wconf 86' lang='lat' dir='ltr'>veritatis</span> <span class='ocrx_word' id='word_1_268' title='bbox 1673 3818 1822 3894; x_wconf 84' lang='lat' dir='ltr'>fortiter</span> 
     </span>
     <span class='ocr_line' id='line_1_35' title="bbox 674 3905 1822 4089; baseline 0.004 -108"><span class='ocrx_word' id='word_1_269' title='bbox 674 3934 742 4023; x_wconf 79' lang='lat' dir='ltr'>ago</span> <span class='ocrx_word' id='word_1_270' title='bbox 753 3912 914 4002; x_wconf 82' lang='lat' dir='ltr'>,carpturi</span> <span class='ocrx_word' id='word_1_271' title='bbox 927 3934 991 3980; x_wconf 88' lang='lat' dir='ltr'>meo</span> <span class='ocrx_word' id='word_1_272' title='bbox 1013 3905 1201 4003; x_wconf 80' lang='lat' dir='ltr'>respondens</span> <span class='ocrx_word' id='word_1_273' title='bbox 1221 3912 1376 4010; x_wconf 82' lang='lat' dir='ltr'>uerbum)</span> <span class='ocrx_word' id='word_1_274' title='bbox 1392 3916 1434 3984; x_wconf 88' lang='lat' dir='ltr'>od</span> <span class='ocrx_word' id='word_1_275' title='bbox 1447 3936 1545 4011; x_wconf 84' lang='lat' dir='ltr'>usque</span> <span class='ocrx_word' id='word_1_276' title='bbox 1558 3918 1654 3989; x_wconf 84' lang='lat' dir='ltr'>ualde</span> <span class='ocrx_word' id='word_1_277' title='bbox 1669 3915 1733 4089; x_wconf 56' lang='lat' dir='ltr'>gad</span> <span class='ocrx_word' id='word_1_278' title='bbox 1747 3916 1822 3989; x_wconf 88' lang='lat' dir='ltr'>eni·</span> 
     </span>
     <span class='ocr_line' id='line_1_36' title="bbox 678 4002 1826 4106; baseline 0.008 -21"><span class='ocrx_word' id='word_1_279' title='bbox 678 4005 807 4085; x_wconf 79' lang='lat' dir='ltr'>xissime</span> <span class='ocrx_word' id='word_1_280' title='bbox 827 4002 1412 4106; x_wconf 78' lang='lat' dir='ltr'>&amp;inteufillimeproloquendumz</span> <span class='ocrx_word' id='word_1_281' title='bbox 1434 4008 1592 4091; x_wconf 87' lang='lat' dir='ltr'>ficeuim</span> <span class='ocrx_word' id='word_1_282' title='bbox 1606 4014 1667 4091; x_wconf 90' lang='lat' dir='ltr'>illu</span> <span class='ocrx_word' id='word_1_283' title='bbox 1712 4038 1826 4093; x_wconf 66' lang='lat' dir='ltr'>nunno</span> 
     </span>
    </p>
   </div>
   <div class='ocr_carea' id='block_1_6' title="bbox 1774 4096 1903 4187">
    <p class='ocr_par' dir='ltr' id='par_1_8' title="bbox 1774 4096 1903 4187">
     <span class='ocr_line' id='line_1_37' title="bbox 1774 4096 1903 4187; baseline 0.016 -2"><span class='ocrx_word' id='word_1_284' title='bbox 1774 4096 1903 4187; x_wconf 77' lang='lat' dir='ltr'>est&#39;</span> 
     </span>
    </p>
   </div>
   <div class='ocr_carea' id='block_1_7' title="bbox 0 0 2071 5159">
    <p class='ocr_par' dir='ltr' id='par_1_9' title="bbox 0 0 2071 5159">
     <span class='ocr_line' id='line_1_38' title="bbox 0 0 2071 5159; baseline 0 0"><span class='ocrx_word' id='word_1_285' title='bbox 0 0 2071 5159; x_wconf 95' lang='lat' dir='ltr'> </span> 
     </span>
    </p>
   </div>
  </div>
 </body>
</html>
