<?xml version="1.0" encoding="UTF-8"?>
<!DOCTYPE html PUBLIC "-//W3C//DTD XHTML 1.0 Transitional//EN"
    "http://www.w3.org/TR/xhtml1/DTD/xhtml1-transitional.dtd">
<html xmlns="http://www.w3.org/1999/xhtml" xml:lang="en" lang="en">
 <head>
  <title>
</title>
<meta http-equiv="Content-Type" content="text/html;charset=utf-8" />
  <meta name='ocr-system' content='tesseract 3.04.00' />
  <meta name='ocr-capabilities' content='ocr_page ocr_carea ocr_par ocr_line ocrx_word'/>
</head>
<body>
  <div class='ocr_page' id='page_1' title='image "./hermannivenemac03venegoog_0589.png"; bbox 0 0 3984 5159; ppageno 0'>
   <div class='ocr_carea' id='block_1_1' title="bbox 607 535 1607 643">
    <p class='ocr_par' dir='ltr' id='par_1_1' title="bbox 607 535 1607 643">
     <span class='ocr_line' id='line_1_1' title="bbox 607 535 1607 643; baseline -0.003 -18"><span class='ocrx_word' id='word_1_1' title='bbox 607 551 681 643; x_wconf 74' lang='lat'><strong>582</strong></span> <span class='ocrx_word' id='word_1_2' title='bbox 811 535 1607 622; x_wconf 79' lang='lat' dir='ltr'>COMMENTARIUS</span> 
     </span>
    </p>
   </div>
   <div class='ocr_carea' id='block_1_2' title="bbox 508 723 1797 3845">
    <p class='ocr_par' dir='ltr' id='par_1_2' title="bbox 508 723 1797 1602">
     <span class='ocr_line' id='line_1_2' title="bbox 606 723 1771 829; baseline 0.001 -23"><span class='ocrx_word' id='word_1_3' title='bbox 606 731 633 806; x_wconf 81' lang='lat' dir='ltr'>fi</span> <span class='ocrx_word' id='word_1_4' title='bbox 653 731 740 810; x_wconf 87' lang='lat' dir='ltr'><strong>mihi</strong></span> <span class='ocrx_word' id='word_1_5' title='bbox 753 733 946 829; x_wconf 82' lang='lat' dir='ltr'>obreperet</span> <span class='ocrx_word' id='word_1_6' title='bbox 962 751 1006 805; x_wconf 86' lang='lat' dir='ltr'><strong>ea</strong></span> <span class='ocrx_word' id='word_1_7' title='bbox 1019 727 1213 826; x_wconf 76' lang='lat' dir='ltr'><strong>cogitatio,</strong></span> <span class='ocrx_word' id='word_1_8' title='bbox 1240 723 1405 803; x_wconf 84' lang='lat' dir='ltr'>tenebras</span> <span class='ocrx_word' id='word_1_9' title='bbox 1420 724 1504 802; x_wconf 87' lang='lat' dir='ltr'><strong>mihi</strong></span> <span class='ocrx_word' id='word_1_10' title='bbox 1520 727 1674 804; x_wconf 86' lang='lat' dir='ltr'><strong>exitium</strong></span> <span class='ocrx_word' id='word_1_11' title='bbox 1690 727 1771 808; x_wconf 86' lang='lat' dir='ltr'><strong>sub·</strong></span> 
     </span>
     <span class='ocr_line' id='line_1_3' title="bbox 606 821 1768 922; baseline 0.002 -18"><span class='ocrx_word' id='word_1_12' title='bbox 606 833 696 906; x_wconf 89' lang='lat' dir='ltr'><strong>itunr</strong></span> <span class='ocrx_word' id='word_1_13' title='bbox 712 829 886 906; x_wconf 86' lang='lat' dir='ltr'><strong>adlaturas</strong></span> <span class='ocrx_word' id='word_1_14' title='bbox 900 827 981 903; x_wconf 86' lang='lat' dir='ltr'><strong>elle.</strong></span> <span class='ocrx_word' id='word_1_15' title='bbox 1016 823 1104 902; x_wconf 92' lang='lat' dir='ltr'><strong>Non</strong></span> <span class='ocrx_word' id='word_1_16' title='bbox 1121 821 1305 915; x_wconf 86' lang='lat' dir='ltr'><strong>adfirmat,</strong></span> <span class='ocrx_word' id='word_1_17' title='bbox 1329 824 1438 900; x_wconf 80' lang='lat' dir='ltr'><strong>taleni</strong></span> <span class='ocrx_word' id='word_1_18' title='bbox 1454 825 1719 922; x_wconf 82' lang='lat' dir='ltr'><strong>cogitationem</strong></span> <span class='ocrx_word' id='word_1_19' title='bbox 1733 832 1768 906; x_wconf 91' lang='lat' dir='ltr'><strong>in</strong></span> 
     </span>
     <span class='ocr_line' id='line_1_4' title="bbox 605 919 1767 1018; baseline 0 -16"><span class='ocrx_word' id='word_1_20' title='bbox 605 927 641 1002; x_wconf 94' lang='lat' dir='ltr'><strong>se</strong></span> <span class='ocrx_word' id='word_1_21' title='bbox 655 931 848 1018; x_wconf 87' lang='lat' dir='ltr'>orituram,</span> <span class='ocrx_word' id='word_1_22' title='bbox 872 929 934 1003; x_wconf 90' lang='lat' dir='ltr'><strong>vel</strong></span> <span class='ocrx_word' id='word_1_23' title='bbox 954 929 1074 1000; x_wconf 88' lang='lat' dir='ltr'><strong>locum</strong></span> <span class='ocrx_word' id='word_1_24' title='bbox 1096 921 1293 999; x_wconf 88' lang='lat' dir='ltr'><strong>habituram</strong></span> <span class='ocrx_word' id='word_1_25' title='bbox 1316 919 1405 1011; x_wconf 81' lang='lat' dir='ltr'><strong>elie3</strong></span> <span class='ocrx_word' id='word_1_26' title='bbox 1431 919 1491 994; x_wconf 89' lang='lat' dir='ltr'><strong>sed</strong></span> <span class='ocrx_word' id='word_1_27' title='bbox 1505 924 1609 1018; x_wconf 89' lang='lat' dir='ltr'><strong>ponit</strong></span> <span class='ocrx_word' id='word_1_28' title='bbox 1625 943 1767 1004; x_wconf 82' lang='lat' dir='ltr'><strong>tanturn</strong></span> 
     </span>
     <span class='ocr_line' id='line_1_5' title="bbox 604 1019 1769 1121; baseline -0.002 -21"><span class='ocrx_word' id='word_1_29' title='bbox 604 1026 742 1117; x_wconf 87' lang='lat' dir='ltr'><strong>casum,</strong></span> <span class='ocrx_word' id='word_1_30' title='bbox 764 1027 788 1100; x_wconf 82' lang='lat' dir='ltr'><strong>li</strong></span> <span class='ocrx_word' id='word_1_31' title='bbox 812 1026 882 1100; x_wconf 85' lang='lat' dir='ltr'><strong>tale</strong></span> <span class='ocrx_word' id='word_1_32' title='bbox 905 1023 990 1119; x_wconf 88' lang='lat' dir='ltr'><strong>qnid</strong></span> <span class='ocrx_word' id='word_1_33' title='bbox 1014 1022 1133 1096; x_wconf 89' lang='lat' dir='ltr'><strong>animo</strong></span> <span class='ocrx_word' id='word_1_34' title='bbox 1148 1019 1210 1094; x_wconf 86' lang='lat' dir='ltr'><strong>fibi</strong></span> <span class='ocrx_word' id='word_1_35' title='bbox 1224 1032 1454 1094; x_wconf 85' lang='lat' dir='ltr'><strong>occurreret:</strong></span> <span class='ocrx_word' id='word_1_36' title='bbox 1481 1021 1657 1114; x_wconf 84' lang='lat' dir='ltr'><strong>particula</strong></span> <span class='ocrx_word' id='word_1_37' title='bbox 1684 1022 1769 1121; x_wconf 77' lang='lat' dir='ltr'><strong>nesi</strong></span> 
     </span>
     <span class='ocr_line' id='line_1_6' title="bbox 603 1114 1768 1221; baseline -0.011 -23"><span class='ocrx_word' id='word_1_38' title='bbox 603 1146 648 1200; x_wconf 81' lang='lat' dir='ltr'><strong>ex</strong></span> <span class='ocrx_word' id='word_1_39' title='bbox 672 1121 901 1221; x_wconf 74' lang='lat' dir='ltr'><strong>precedente</strong></span> <span class='ocrx_word' id='word_1_40' title='bbox 926 1120 1100 1214; x_wconf 88' lang='lat' dir='ltr'><strong>repetita,</strong></span> <span class='ocrx_word' id='word_1_41' title='bbox 1126 1117 1221 1212; x_wconf 89' lang='lat' dir='ltr'><strong>quod</strong></span> <span class='ocrx_word' id='word_1_42' title='bbox 1239 1115 1375 1192; x_wconf 85' lang='lat' dir='ltr'><strong>facilius</strong></span> <span class='ocrx_word' id='word_1_43' title='bbox 1393 1114 1466 1207; x_wconf 89' lang='lat' dir='ltr'><strong>est,</strong></span> <span class='ocrx_word' id='word_1_44' title='bbox 1491 1140 1600 1211; x_wconf 90' lang='lat' dir='ltr'><strong>quum</strong></span> <span class='ocrx_word' id='word_1_45' title='bbox 1615 1141 1664 1197; x_wconf 85' lang='lat' dir='ltr'><strong>ex</strong></span> <span class='ocrx_word' id='word_1_46' title='bbox 1681 1143 1768 1198; x_wconf 92' lang='lat' dir='ltr'><strong>con.</strong></span> 
     </span>
     <span class='ocr_line' id='line_1_7' title="bbox 508 1212 1797 1309; baseline -0.004 -9"><span class='ocrx_word' id='word_1_47' title='bbox 508 1292 513 1300; x_wconf 82' lang='grc'><strong>.</strong></span> <span class='ocrx_word' id='word_1_48' title='bbox 603 1219 783 1298; x_wconf 88' lang='lat' dir='ltr'><strong>currentia</strong></span> <span class='ocrx_word' id='word_1_49' title='bbox 802 1215 995 1294; x_wconf 88' lang='lat' dir='ltr'><strong>earundem</strong></span> <span class='ocrx_word' id='word_1_50' title='bbox 1017 1217 1214 1292; x_wconf 87' lang='lat' dir='ltr'><strong>litterarum</strong></span> <span class='ocrx_word' id='word_1_51' title='bbox 1227 1216 1265 1292; x_wconf 91' lang='lat' dir='ltr'><strong>in</strong></span> <span class='ocrx_word' id='word_1_52' title='bbox 1281 1241 1351 1308; x_wconf 74' lang='lat' dir='ltr'><strong>rou</strong></span> <span class='ocrx_word' id='word_1_53' title='bbox 1366 1212 1504 1292; x_wconf 84' lang='lat' dir='ltr'><strong>censeri</strong></span> <span class='ocrx_word' id='word_1_54' title='bbox 1517 1213 1621 1309; x_wconf 86' lang='lat' dir='ltr'><strong>poffit</strong></span> <span class='ocrx_word' id='word_1_55' title='bbox 1636 1215 1770 1296; x_wconf 88' lang='lat' dir='ltr'><strong>defice·</strong></span> <span class='ocrx_word' id='word_1_56' title='bbox 1794 1223 1797 1229; x_wconf 84' lang='grc'>’</span> 
     </span>
     <span class='ocr_line' id='line_1_8' title="bbox 602 1313 1768 1413; baseline 0 -21"><span class='ocrx_word' id='word_1_57' title='bbox 602 1341 641 1392; x_wconf 88' lang='lat' dir='ltr'><strong>re</strong></span> <span class='ocrx_word' id='word_1_58' title='bbox 652 1341 667 1390; x_wconf 75' lang='grc' dir='ltr'><strong>ε·</strong></span> <span class='ocrx_word' id='word_1_59' title='bbox 695 1317 747 1390; x_wconf 88' lang='lat' dir='ltr'><strong>uti</strong></span> <span class='ocrx_word' id='word_1_60' title='bbox 775 1314 866 1410; x_wconf 85' lang='lat' dir='ltr'><strong>saepe</strong></span> <span class='ocrx_word' id='word_1_61' title='bbox 889 1315 1079 1413; x_wconf 85' lang='lat' dir='ltr'><strong>contingit.</strong></span> <span class='ocrx_word' id='word_1_62' title='bbox 1108 1313 1167 1386; x_wconf 82' lang='lat' dir='ltr'><strong>Sic</strong></span> <span class='ocrx_word' id='word_1_63' title='bbox 1194 1339 1265 1390; x_wconf 70' lang='lat' dir='ltr'><strong>ron</strong></span> <span class='ocrx_word' id='word_1_64' title='bbox 1287 1313 1357 1388; x_wconf 89' lang='lat' dir='ltr'><strong>erit</strong></span> <span class='ocrx_word' id='word_1_65' title='bbox 1376 1334 1444 1408; x_wconf 89' lang='lat' dir='ltr'><strong>pro</strong></span> <span class='ocrx_word' id='word_1_66' title='bbox 1467 1338 1615 1406; x_wconf 67' lang='lat' dir='ltr'><strong>mon,</strong></span> <span class='ocrx_word' id='word_1_67' title='bbox 1658 1338 1768 1412; x_wconf 87' lang='lat' dir='ltr'><strong>quern</strong></span> 
     </span>
     <span class='ocr_line' id='line_1_9' title="bbox 601 1409 1768 1522; baseline -0.009 -32"><span class='ocrx_word' id='word_1_68' title='bbox 601 1413 702 1490; x_wconf 87' lang='lat' dir='ltr'><strong>usum</strong></span> <span class='ocrx_word' id='word_1_69' title='bbox 724 1410 870 1489; x_wconf 89' lang='lat' dir='ltr'><strong>subinde</strong></span> <span class='ocrx_word' id='word_1_70' title='bbox 893 1415 1001 1490; x_wconf 86' lang='lat' dir='ltr'><strong>etiam</strong></span> <span class='ocrx_word' id='word_1_71' title='bbox 1015 1411 1127 1508; x_wconf 87' lang='lat' dir='ltr'><strong>ipsum</strong></span> <span class='ocrx_word' id='word_1_72' title='bbox 1141 1409 1241 1504; x_wconf 88' lang='lat' dir='ltr'><strong>praef.</strong></span> <span class='ocrx_word' id='word_1_73' title='bbox 1258 1424 1314 1485; x_wconf 66' lang='lat' dir='ltr'><strong>ret</strong></span> <span class='ocrx_word' id='word_1_74' title='bbox 1327 1411 1445 1486; x_wconf 89' lang='lat' dir='ltr'><strong>babet.</strong></span> <span class='ocrx_word' id='word_1_75' title='bbox 1495 1409 1607 1522; x_wconf 82' lang='lat' dir='ltr'><strong>Quod</strong></span> <span class='ocrx_word' id='word_1_76' title='bbox 1622 1412 1677 1488; x_wconf 87' lang='lat' dir='ltr'><strong>est</strong></span> <span class='ocrx_word' id='word_1_77' title='bbox 1692 1418 1768 1492; x_wconf 88' lang='lat' dir='ltr'><strong>vul.</strong></span> 
     </span>
     <span class='ocr_line' id='line_1_10' title="bbox 623 1505 1767 1602; baseline 0 -16"><span class='ocrx_word' id='word_1_78' title='bbox 623 1525 733 1586; x_wconf 88' lang='lat' dir='ltr'><strong>atum.</strong></span> <span class='ocrx_word' id='word_1_79' title='bbox 781 1512 962 1587; x_wconf 90' lang='lat' dir='ltr'><strong>Indicatur</strong></span> <span class='ocrx_word' id='word_1_80' title='bbox 985 1529 1128 1598; x_wconf 71' lang='lat' dir='ltr'><strong>umen,</strong></span> <span class='ocrx_word' id='word_1_81' title='bbox 1150 1505 1345 1601; x_wconf 86' lang='lat' dir='ltr'><strong>poffibilenr</strong></span> <span class='ocrx_word' id='word_1_82' title='bbox 1367 1529 1449 1584; x_wconf 89' lang='lat' dir='ltr'><strong>eum</strong></span> <span class='ocrx_word' id='word_1_83' title='bbox 1471 1513 1590 1586; x_wconf 86' lang='lat' dir='ltr'><strong>calum</strong></span> <span class='ocrx_word' id='word_1_84' title='bbox 1608 1511 1707 1602; x_wconf 81' lang='lat' dir='ltr'><strong>effe,</strong></span> <span class='ocrx_word' id='word_1_85' title='bbox 1734 1517 1767 1593; x_wconf 76' lang='lat' dir='ltr'><strong>dr</strong></span> 
     </span>
    </p>

    <p class='ocr_par' dir='ltr' id='par_1_3' title="bbox 580 1605 1766 3656">
     <span class='ocr_line' id='line_1_11' title="bbox 643 1605 1766 1723; baseline 0.003 -40"><span class='ocrx_word' id='word_1_86' title='bbox 643 1630 688 1704; x_wconf 91' lang='lat' dir='ltr'><strong>pe</strong></span> <span class='ocrx_word' id='word_1_87' title='bbox 702 1609 783 1684; x_wconf 88' lang='lat' dir='ltr'><strong>alias</strong></span> <span class='ocrx_word' id='word_1_88' title='bbox 797 1611 1027 1723; x_wconf 82' lang='lat' dir='ltr'><strong>contingere,</strong></span> <span class='ocrx_word' id='word_1_89' title='bbox 1041 1621 1081 1683; x_wconf 92' lang='lat' dir='ltr'><strong>ut</strong></span> <span class='ocrx_word' id='word_1_90' title='bbox 1095 1605 1252 1681; x_wconf 84' lang='lat' dir='ltr'><strong>tenebrae</strong></span> <span class='ocrx_word' id='word_1_91' title='bbox 1270 1622 1407 1682; x_wconf 87' lang='lat' dir='ltr'><strong>metum</strong></span> <span class='ocrx_word' id='word_1_92' title='bbox 1425 1605 1624 1700; x_wconf 87' lang='lat' dir='ltr'><strong>incutiant,</strong></span> <span class='ocrx_word' id='word_1_93' title='bbox 1642 1627 1766 1704; x_wconf 89' lang='lat' dir='ltr'><strong>quate·</strong></span> 
     </span>
     <span class='ocr_line' id='line_1_12' title="bbox 600 1703 1764 1802; baseline 0 -20"><span class='ocrx_word' id='word_1_94' title='bbox 600 1729 667 1782; x_wconf 88' lang='lat' dir='ltr'><strong>nus</strong></span> <span class='ocrx_word' id='word_1_95' title='bbox 689 1708 851 1802; x_wconf 89' lang='lat' dir='ltr'><strong>periculo</strong></span> <span class='ocrx_word' id='word_1_96' title='bbox 873 1707 907 1780; x_wconf 84' lang='lat' dir='ltr'><strong>dt</strong></span> <span class='ocrx_word' id='word_1_97' title='bbox 928 1703 1058 1783; x_wconf 80' lang='lat' dir='ltr'><strong>infidiis</strong></span> <span class='ocrx_word' id='word_1_98' title='bbox 1080 1703 1189 1800; x_wconf 84' lang='lat' dir='ltr'><strong>magis</strong></span> <span class='ocrx_word' id='word_1_99' title='bbox 1214 1718 1422 1798; x_wconf 83' lang='lat' dir='ltr'><strong>exponunt,</strong></span> <span class='ocrx_word' id='word_1_100' title='bbox 1455 1719 1631 1796; x_wconf 77' lang='lat' dir='ltr'><strong>preterea</strong></span> <span class='ocrx_word' id='word_1_101' title='bbox 1649 1709 1764 1786; x_wconf 90' lang='lat' dir='ltr'><strong>homi·</strong></span> 
     </span>
     <span class='ocr_line' id='line_1_13' title="bbox 598 1799 1762 1898; baseline 0.002 -17"><span class='ocrx_word' id='word_1_102' title='bbox 598 1825 680 1882; x_wconf 88' lang='lat' dir='ltr'><strong>nem</strong></span> <span class='ocrx_word' id='word_1_103' title='bbox 712 1807 862 1880; x_wconf 87' lang='lat' dir='ltr'><strong>aliorum</strong></span> <span class='ocrx_word' id='word_1_104' title='bbox 883 1802 1018 1881; x_wconf 87' lang='lat' dir='ltr'><strong>auxilio</strong></span> <span class='ocrx_word' id='word_1_105' title='bbox 1039 1801 1203 1898; x_wconf 89' lang='lat' dir='ltr'><strong>privant,</strong></span> <span class='ocrx_word' id='word_1_106' title='bbox 1243 1801 1406 1894; x_wconf 82' lang='lat' dir='ltr'>adeoque</span> <span class='ocrx_word' id='word_1_107' title='bbox 1434 1799 1504 1875; x_wconf 88' lang='lat' dir='ltr'><strong>Dei</strong></span> <span class='ocrx_word' id='word_1_108' title='bbox 1533 1803 1762 1882; x_wconf 80' lang='lat' dir='ltr'><strong>notitiam&amp;</strong></span> 
     </span>
     <span class='ocr_line' id='line_1_14' title="bbox 594 1897 1761 2000; baseline 0.003 -23"><span class='ocrx_word' id='word_1_109' title='bbox 594 1903 789 2000; x_wconf 79' lang='lat' dir='ltr'><strong>praesldium</strong></span> <span class='ocrx_word' id='word_1_110' title='bbox 819 1900 927 1978; x_wconf 90' lang='lat' dir='ltr'><strong>etiam</strong></span> <span class='ocrx_word' id='word_1_111' title='bbox 956 1899 1085 1975; x_wconf 91' lang='lat' dir='ltr'><strong>tollere</strong></span> <span class='ocrx_word' id='word_1_112' title='bbox 1118 1898 1233 1974; x_wconf 89' lang='lat' dir='ltr'><strong>videri</strong></span> <span class='ocrx_word' id='word_1_113' title='bbox 1266 1897 1428 1993; x_wconf 83' lang='lat' dir='ltr'><strong>pollent,</strong></span> <span class='ocrx_word' id='word_1_114' title='bbox 1466 1898 1555 1978; x_wconf 88' lang='lat' dir='ltr'><strong>srcut</strong></span> <span class='ocrx_word' id='word_1_115' title='bbox 1591 1901 1761 1982; x_wconf 79' lang='lat' dir='ltr'><strong>nominer</strong></span> 
     </span>
     <span class='ocr_line' id='line_1_15' title="bbox 594 1995 1759 2090; baseline 0.001 -13"><span class='ocrx_word' id='word_1_116' title='bbox 594 2002 710 2077; x_wconf 86' lang='lat' dir='ltr'><strong>minus</strong></span> <span class='ocrx_word' id='word_1_117' title='bbox 732 2003 826 2076; x_wconf 90' lang='lat' dir='ltr'><strong>bene</strong></span> <span class='ocrx_word' id='word_1_118' title='bbox 849 1995 1026 2088; x_wconf 71' lang='lat' dir='ltr'><strong>ruamur,</strong></span> <span class='ocrx_word' id='word_1_119' title='bbox 1052 1996 1198 2074; x_wconf 85' lang='lat' dir='ltr'><strong>&amp;male</strong></span> <span class='ocrx_word' id='word_1_120' title='bbox 1224 1995 1319 2084; x_wconf 88' lang='lat' dir='ltr'><strong>sani,</strong></span> <span class='ocrx_word' id='word_1_121' title='bbox 1358 2016 1502 2090; x_wconf 93' lang='lat' dir='ltr'><strong>quoque</strong></span> <span class='ocrx_word' id='word_1_122' title='bbox 1525 1997 1759 2081; x_wconf 83' lang='lat' dir='ltr'><strong>censuerunt</strong></span> 
     </span>
     <span class='ocr_line' id='line_1_16' title="bbox 590 2091 1758 2264; baseline 0.003 -90"><span class='ocrx_word' id='word_1_123' title='bbox 590 2095 661 2174; x_wconf 80' lang='lat' dir='ltr'><strong>Sed</strong></span> <span class='ocrx_word' id='word_1_124' title='bbox 683 2103 788 2264; x_wconf 54' lang='grc' dir='ltr'><strong>ιαίἰὲιο</strong></span> <span class='ocrx_word' id='word_1_125' title='bbox 807 2118 950 2191; x_wconf 90' lang='lat' dir='ltr'><strong>quoque</strong></span> <span class='ocrx_word' id='word_1_126' title='bbox 972 2093 1120 2192; x_wconf 82' lang='lat' dir='ltr'><strong>figurate</strong></span> <span class='ocrx_word' id='word_1_127' title='bbox 1139 2091 1227 2168; x_wconf 87' lang='lat' dir='ltr'><strong>sumi</strong></span> <span class='ocrx_word' id='word_1_128' title='bbox 1248 2091 1366 2188; x_wconf 91' lang='lat' dir='ltr'><strong>potest</strong></span> <span class='ocrx_word' id='word_1_129' title='bbox 1390 2115 1455 2188; x_wconf 89' lang='lat' dir='ltr'><strong>pro</strong></span> <span class='ocrx_word' id='word_1_130' title='bbox 1470 2091 1611 2170; x_wconf 88' lang='lat' dir='ltr'><strong>summo</strong></span> <span class='ocrx_word' id='word_1_131' title='bbox 1636 2099 1758 2178; x_wconf 84' lang='lat' dir='ltr'><strong>discri-</strong></span> 
     </span>
     <span class='ocr_line' id='line_1_17' title="bbox 593 2191 1756 2290; baseline 0.001 -23"><span class='ocrx_word' id='word_1_132' title='bbox 593 2195 712 2280; x_wconf 85' lang='lat' dir='ltr'><strong>mine,</strong></span> <span class='ocrx_word' id='word_1_133' title='bbox 817 2192 1052 2267; x_wconf 82' lang='lat' dir='ltr'><strong>inextricabili</strong></span> <span class='ocrx_word' id='word_1_134' title='bbox 1072 2191 1187 2280; x_wconf 88' lang='lat' dir='ltr'><strong>malo;</strong></span> <span class='ocrx_word' id='word_1_135' title='bbox 1228 2204 1270 2265; x_wconf 92' lang='lat' dir='ltr'><strong>ut</strong></span> <span class='ocrx_word' id='word_1_136' title='bbox 1290 2191 1499 2284; x_wconf 84' lang='lat' dir='ltr'><strong>frequenter</strong></span> <span class='ocrx_word' id='word_1_137' title='bbox 1521 2192 1624 2268; x_wconf 85' lang='lat' dir='ltr'><strong>alias:</strong></span> <span class='ocrx_word' id='word_1_138' title='bbox 1659 2200 1756 2290; x_wconf 87' lang='lat' dir='ltr'><strong>qnod</strong></span> 
     </span>
     <span class='ocr_line' id='line_1_18' title="bbox 590 2285 1750 2386; baseline 0.003 -22"><span class='ocrx_word' id='word_1_139' title='bbox 590 2290 713 2385; x_wconf 90' lang='lat' dir='ltr'><strong>ntique</strong></span> <span class='ocrx_word' id='word_1_140' title='bbox 737 2287 794 2361; x_wconf 89' lang='lat' dir='ltr'><strong>hic</strong></span> <span class='ocrx_word' id='word_1_141' title='bbox 814 2285 915 2364; x_wconf 84' lang='lat' dir='ltr'><strong>limul</strong></span> <span class='ocrx_word' id='word_1_142' title='bbox 929 2288 1148 2376; x_wconf 86' lang='lat' dir='ltr'><strong>intenditur,</strong></span> <span class='ocrx_word' id='word_1_143' title='bbox 1174 2301 1215 2362; x_wconf 90' lang='lat' dir='ltr'><strong>ut</strong></span> <span class='ocrx_word' id='word_1_144' title='bbox 1230 2307 1275 2362; x_wconf 84' lang='lat' dir='ltr'><strong>ex</strong></span> <span class='ocrx_word' id='word_1_145' title='bbox 1289 2289 1405 2361; x_wconf 89' lang='lat' dir='ltr'><strong>verbo</strong></span> <span class='ocrx_word' id='word_1_146' title='bbox 1426 2308 1507 2386; x_wconf 72' lang='lat' dir='ltr'><strong>qu,</strong></span> <span class='ocrx_word' id='word_1_147' title='bbox 1532 2288 1632 2362; x_wconf 75' lang='lat' dir='ltr'><strong>reete</strong></span> <span class='ocrx_word' id='word_1_148' title='bbox 1651 2293 1750 2370; x_wconf 78' lang='lat' dir='ltr'><strong>intel·</strong></span> 
     </span>
     <span class='ocr_line' id='line_1_19' title="bbox 589 2382 1749 2478; baseline 0.007 -18"><span class='ocrx_word' id='word_1_149' title='bbox 589 2385 704 2477; x_wconf 65' lang='lat' dir='ltr'><strong>lobio,</strong></span> <span class='ocrx_word' id='word_1_150' title='bbox 728 2384 955 2464; x_wconf 85' lang='lat' dir='ltr'><strong>manifestum</strong></span> <span class='ocrx_word' id='word_1_151' title='bbox 977 2383 1048 2476; x_wconf 77' lang='lat' dir='ltr'><strong>est3</strong></span> <span class='ocrx_word' id='word_1_152' title='bbox 1075 2382 1170 2478; x_wconf 91' lang='lat' dir='ltr'><strong>quod</strong></span> <span class='ocrx_word' id='word_1_153' title='bbox 1192 2383 1306 2474; x_wconf 89' lang='lat' dir='ltr'><strong>verti,</strong></span> <span class='ocrx_word' id='word_1_154' title='bbox 1323 2388 1477 2460; x_wconf 73' lang='lat' dir='ltr'><strong>involvet</strong></span> <span class='ocrx_word' id='word_1_155' title='bbox 1491 2408 1540 2458; x_wconf 79' lang='lat' dir='ltr'><strong>ore</strong></span> <span class='ocrx_word' id='word_1_156' title='bbox 1554 2391 1681 2462; x_wconf 80' lang='lat' dir='ltr'><strong>exitio:</strong></span> <span class='ocrx_word' id='word_1_157' title='bbox 1706 2393 1749 2468; x_wconf 90' lang='lat' dir='ltr'><strong>de</strong></span> 
     </span>
     <span class='ocr_line' id='line_1_20' title="bbox 589 2477 1753 2581; baseline 0.001 -19"><span class='ocrx_word' id='word_1_158' title='bbox 589 2507 661 2581; x_wconf 87' lang='lat' dir='ltr'><strong>quo</strong></span> <span class='ocrx_word' id='word_1_159' title='bbox 676 2505 773 2562; x_wconf 85' lang='lat' dir='ltr'><strong>mox.</strong></span> <span class='ocrx_word' id='word_1_160' title='bbox 823 2483 1048 2581; x_wconf 84' lang='lat' dir='ltr'><strong>Utrumque,</strong></span> <span class='ocrx_word' id='word_1_161' title='bbox 1072 2482 1109 2556; x_wconf 78' lang='lat' dir='ltr'><strong>dt</strong></span> <span class='ocrx_word' id='word_1_162' title='bbox 1128 2481 1277 2576; x_wconf 85' lang='lat' dir='ltr'><strong>proprio</strong></span> <span class='ocrx_word' id='word_1_163' title='bbox 1299 2481 1334 2555; x_wconf 69' lang='grc' dir='ltr'><strong>ἃ</strong></span> <span class='ocrx_word' id='word_1_164' title='bbox 1359 2477 1512 2578; x_wconf 72' lang='lat' dir='ltr'><strong>figurato</strong></span> <span class='ocrx_word' id='word_1_165' title='bbox 1527 2483 1653 2576; x_wconf 89' lang='lat' dir='ltr'><strong>lensu,</strong></span> <span class='ocrx_word' id='word_1_166' title='bbox 1679 2489 1753 2568; x_wconf 84' lang='lat' dir='ltr'><strong>bue</strong></span> 
     </span>
     <span class='ocr_line' id='line_1_21' title="bbox 587 2577 1753 2681; baseline 0.004 -23"><span class='ocrx_word' id='word_1_167' title='bbox 587 2597 670 2679; x_wconf 87' lang='lat' dir='ltr'><strong>apte</strong></span> <span class='ocrx_word' id='word_1_168' title='bbox 690 2581 857 2679; x_wconf 74' lang='lat' dir='ltr'><strong>qnadratt</strong></span> <span class='ocrx_word' id='word_1_169' title='bbox 882 2581 970 2656; x_wconf 86' lang='lat' dir='ltr'><strong>licut</strong></span> <span class='ocrx_word' id='word_1_170' title='bbox 989 2578 1100 2656; x_wconf 90' lang='lat' dir='ltr'><strong>modo</strong></span> <span class='ocrx_word' id='word_1_171' title='bbox 1119 2596 1246 2654; x_wconf 86' lang='lat' dir='ltr'><strong>contra</strong></span> <span class='ocrx_word' id='word_1_172' title='bbox 1269 2577 1377 2653; x_wconf 86' lang='lat' dir='ltr'><strong>diffita</strong></span> <span class='ocrx_word' id='word_1_173' title='bbox 1396 2581 1475 2654; x_wconf 90' lang='lat' dir='ltr'><strong>loca</strong></span> <span class='ocrx_word' id='word_1_174' title='bbox 1494 2577 1531 2654; x_wconf 81' lang='lat' dir='ltr'><strong>se</strong></span> <span class='ocrx_word' id='word_1_175' title='bbox 1544 2585 1753 2681; x_wconf 85' lang='lat' dir='ltr'><strong>munierat,</strong></span> 
     </span>
     <span class='ocr_line' id='line_1_22' title="bbox 585 2677 1748 2770; baseline 0.003 -16"><span class='ocrx_word' id='word_1_176' title='bbox 585 2681 639 2757; x_wconf 87' lang='lat' dir='ltr'><strong>ita</strong></span> <span class='ocrx_word' id='word_1_177' title='bbox 659 2703 756 2758; x_wconf 91' lang='lat' dir='ltr'><strong>nunc</strong></span> <span class='ocrx_word' id='word_1_178' title='bbox 776 2682 884 2756; x_wconf 85' lang='lat' dir='ltr'><strong>etiam</strong></span> <span class='ocrx_word' id='word_1_179' title='bbox 902 2693 1030 2754; x_wconf 86' lang='lat' dir='ltr'><strong>contra</strong></span> <span class='ocrx_word' id='word_1_180' title='bbox 1052 2680 1236 2768; x_wconf 82' lang='lat' dir='ltr'><strong>tenebras,</strong></span> <span class='ocrx_word' id='word_1_181' title='bbox 1261 2678 1296 2752; x_wconf 82' lang='lat' dir='ltr'><strong>dt</strong></span> <span class='ocrx_word' id='word_1_182' title='bbox 1318 2677 1408 2754; x_wconf 87' lang='lat' dir='ltr'><strong>mala</strong></span> <span class='ocrx_word' id='word_1_183' title='bbox 1431 2677 1468 2751; x_wconf 91' lang='lat' dir='ltr'><strong>in</strong></span> <span class='ocrx_word' id='word_1_184' title='bbox 1490 2678 1557 2753; x_wconf 85' lang='lat' dir='ltr'><strong>illis</strong></span> <span class='ocrx_word' id='word_1_185' title='bbox 1578 2679 1668 2770; x_wconf 83' lang='lat' dir='ltr'><strong>locis</strong></span> <span class='ocrx_word' id='word_1_186' title='bbox 1683 2685 1748 2762; x_wconf 88' lang='lat' dir='ltr'><strong>libi</strong></span> 
     </span>
     <span class='ocr_line' id='line_1_23' title="bbox 585 2773 1748 2876; baseline 0.003 -22"><span class='ocrx_word' id='word_1_187' title='bbox 585 2781 789 2856; x_wconf 83' lang='lat' dir='ltr'><strong>obventura</strong></span> <span class='ocrx_word' id='word_1_188' title='bbox 807 2777 1074 2871; x_wconf 79' lang='lat' dir='ltr'><strong>qualiacunque.</strong></span> <span class='ocrx_word' id='word_1_189' title='bbox 1123 2773 1236 2852; x_wconf 82' lang='lat' dir='ltr'><strong>Radix</strong></span> <span class='ocrx_word' id='word_1_190' title='bbox 1255 2795 1344 2850; x_wconf 89' lang='lat' dir='ltr'><strong>vero</strong></span> <span class='ocrx_word' id='word_1_191' title='bbox 1369 2795 1423 2876; x_wconf 63' lang='lat' dir='ltr'><strong>*pa</strong></span> <span class='ocrx_word' id='word_1_192' title='bbox 1437 2777 1583 2870; x_wconf 87' lang='lat' dir='ltr'><strong>proprie</strong></span> <span class='ocrx_word' id='word_1_193' title='bbox 1599 2801 1680 2857; x_wconf 92' lang='lat' dir='ltr'><strong>non</strong></span> <span class='ocrx_word' id='word_1_194' title='bbox 1693 2783 1748 2862; x_wconf 83' lang='lat' dir='ltr'><strong>est</strong></span> 
     </span>
     <span class='ocr_line' id='line_1_24' title="bbox 584 2871 1750 2970; baseline 0.002 -18"><span class='ocrx_word' id='word_1_195' title='bbox 584 2888 766 2960; x_wconf 66' lang='lat' dir='ltr'><strong>moero,</strong></span> <span class='ocrx_word' id='word_1_196' title='bbox 791 2875 852 2945; x_wconf 87' lang='lat' dir='ltr'><strong>vel</strong></span> <span class='ocrx_word' id='word_1_197' title='bbox 878 2873 987 2948; x_wconf 87' lang='lat' dir='ltr'><strong>limile</strong></span> <span class='ocrx_word' id='word_1_198' title='bbox 1008 2871 1111 2965; x_wconf 90' lang='lat' dir='ltr'><strong>quid,</strong></span> <span class='ocrx_word' id='word_1_199' title='bbox 1133 2886 1174 2948; x_wconf 93' lang='lat' dir='ltr'><strong>ut</strong></span> <span class='ocrx_word' id='word_1_200' title='bbox 1195 2887 1358 2965; x_wconf 89' lang='lat' dir='ltr'><strong>putatur,</strong></span> <span class='ocrx_word' id='word_1_201' title='bbox 1391 2871 1560 2970; x_wconf 80' lang='lat' dir='ltr'><strong>sedsuper</strong></span> <span class='ocrx_word' id='word_1_202' title='bbox 1574 2881 1750 2960; x_wconf 69' lang='lat' dir='ltr'><strong>imponere</strong></span> 
     </span>
     <span class='ocr_line' id='line_1_25' title="bbox 582 2967 1749 3066; baseline -0.001 -17"><span class='ocrx_word' id='word_1_203' title='bbox 582 2977 654 3064; x_wconf 81' lang='lat' dir='ltr'><strong>rei,</strong></span> <span class='ocrx_word' id='word_1_204' title='bbox 694 2971 731 3046; x_wconf 91' lang='lat' dir='ltr'><strong>in</strong></span> <span class='ocrx_word' id='word_1_205' title='bbox 754 2969 875 3062; x_wconf 86' lang='lat' dir='ltr'><strong>primis</strong></span> <span class='ocrx_word' id='word_1_206' title='bbox 896 2967 1092 3055; x_wconf 88' lang='lat' dir='ltr'><strong>hostiliter,</strong></span> <span class='ocrx_word' id='word_1_207' title='bbox 1121 2967 1310 3044; x_wconf 82' lang='lat' dir='ltr'><strong>&amp;insidias</strong></span> <span class='ocrx_word' id='word_1_208' title='bbox 1333 2967 1490 3066; x_wconf 76' lang='lat' dir='ltr'><strong>struere3</strong></span> <span class='ocrx_word' id='word_1_209' title='bbox 1530 2971 1749 3059; x_wconf 78' lang='lat' dir='ltr'><strong>&amp;denotat</strong></span> 
     </span>
     <span class='ocr_line' id='line_1_26' title="bbox 581 3061 1747 3171; baseline -0.002 -21"><span class='ocrx_word' id='word_1_210' title='bbox 581 3071 713 3150; x_wconf 87' lang='lat' dir='ltr'><strong>malum</strong></span> <span class='ocrx_word' id='word_1_211' title='bbox 727 3065 878 3157; x_wconf 86' lang='lat' dir='ltr'><strong>lethale,</strong></span> <span class='ocrx_word' id='word_1_212' title='bbox 904 3086 976 3160; x_wconf 93' lang='lat' dir='ltr'><strong>quo</strong></span> <span class='ocrx_word' id='word_1_213' title='bbox 999 3065 1084 3158; x_wconf 90' lang='lat' dir='ltr'><strong>quid</strong></span> <span class='ocrx_word' id='word_1_214' title='bbox 1104 3061 1223 3152; x_wconf 87' lang='lat' dir='ltr'><strong>subito</strong></span> <span class='ocrx_word' id='word_1_215' title='bbox 1243 3067 1443 3144; x_wconf 82' lang='lat' dir='ltr'><strong>involvitur</strong></span> <span class='ocrx_word' id='word_1_216' title='bbox 1469 3069 1505 3143; x_wconf 76' lang='grc' dir='ltr'><strong>δι</strong></span> <span class='ocrx_word' id='word_1_217' title='bbox 1574 3071 1747 3171; x_wconf 85' lang='lat' dir='ltr'><strong>rimitur,</strong></span> 
     </span>
     <span class='ocr_line' id='line_1_27' title="bbox 581 3161 1750 3264; baseline 0.005 -20"><span class='ocrx_word' id='word_1_218' title='bbox 581 3183 749 3264; x_wconf 86' lang='lat' dir='ltr'><strong>tanquam</strong></span> <span class='ocrx_word' id='word_1_219' title='bbox 770 3186 791 3239; x_wconf 88' lang='lat' dir='ltr'><strong>a</strong></span> <span class='ocrx_word' id='word_1_220' title='bbox 812 3177 986 3239; x_wconf 79' lang='lat' dir='ltr'><strong>venatore</strong></span> <span class='ocrx_word' id='word_1_221' title='bbox 1008 3181 1054 3236; x_wconf 90' lang='lat' dir='ltr'><strong>ex</strong></span> <span class='ocrx_word' id='word_1_222' title='bbox 1073 3161 1201 3238; x_wconf 82' lang='lat' dir='ltr'><strong>inlidiis</strong></span> <span class='ocrx_word' id='word_1_223' title='bbox 1224 3178 1389 3258; x_wconf 88' lang='lat' dir='ltr'><strong>captante</strong></span> <span class='ocrx_word' id='word_1_224' title='bbox 1409 3193 1440 3240; x_wconf 82' lang='grc' dir='ltr'><strong>α.</strong></span> <span class='ocrx_word' id='word_1_225' title='bbox 1532 3190 1573 3240; x_wconf 84' lang='lat' dir='ltr'><strong>ox</strong></span> <span class='ocrx_word' id='word_1_226' title='bbox 1593 3191 1689 3250; x_wconf 87' lang='lat' dir='ltr'><strong>vero</strong></span> <span class='ocrx_word' id='word_1_227' title='bbox 1703 3197 1750 3254; x_wconf 82' lang='lat' dir='ltr'><strong>ea</strong></span> 
     </span>
     <span class='ocr_line' id='line_1_28' title="bbox 582 3257 1746 3366; baseline -0.004 -20"><span class='ocrx_word' id='word_1_228' title='bbox 582 3269 720 3346; x_wconf 82' lang='lat' dir='ltr'><strong>tatione</strong></span> <span class='ocrx_word' id='word_1_229' title='bbox 735 3263 840 3358; x_wconf 82' lang='lat' dir='ltr'><strong>snper</strong></span> <span class='ocrx_word' id='word_1_230' title='bbox 849 3260 1038 3337; x_wconf 89' lang='lat' dir='ltr'><strong>imminere</strong></span> <span class='ocrx_word' id='word_1_231' title='bbox 1053 3257 1271 3336; x_wconf 83' lang='lat' dir='ltr'><strong>&amp;invadere</strong></span> <span class='ocrx_word' id='word_1_232' title='bbox 1287 3261 1468 3337; x_wconf 88' lang='lat' dir='ltr'><strong>lethaliter</strong></span> <span class='ocrx_word' id='word_1_233' title='bbox 1484 3262 1633 3356; x_wconf 88' lang='lat' dir='ltr'><strong>dicitur,</strong></span> <span class='ocrx_word' id='word_1_234' title='bbox 1657 3295 1746 3366; x_wconf 73' lang='lat' dir='ltr'><strong>qua.</strong></span> 
     </span>
     <span class='ocr_line' id='line_1_29' title="bbox 580 3354 1743 3463; baseline 0.003 -22"><span class='ocrx_word' id='word_1_235' title='bbox 580 3379 685 3446; x_wconf 84' lang='lat' dir='ltr'><strong>tenus</strong></span> <span class='ocrx_word' id='word_1_236' title='bbox 707 3366 746 3440; x_wconf 88' lang='lat' dir='ltr'><strong>in</strong></span> <span class='ocrx_word' id='word_1_237' title='bbox 767 3383 809 3436; x_wconf 87' lang='lat' dir='ltr'><strong>ea</strong></span> <span class='ocrx_word' id='word_1_238' title='bbox 822 3359 857 3434; x_wconf 80' lang='lat' dir='ltr'><strong>dt</strong></span> <span class='ocrx_word' id='word_1_239' title='bbox 870 3359 945 3453; x_wconf 88' lang='lat' dir='ltr'><strong>ejus</strong></span> <span class='ocrx_word' id='word_1_240' title='bbox 960 3354 1145 3434; x_wconf 88' lang='lat' dir='ltr'><strong>occalione</strong></span> <span class='ocrx_word' id='word_1_241' title='bbox 1158 3357 1245 3430; x_wconf 89' lang='lat' dir='ltr'><strong>illud</strong></span> <span class='ocrx_word' id='word_1_242' title='bbox 1260 3355 1322 3433; x_wconf 86' lang='lat' dir='ltr'><strong>fit:</strong></span> <span class='ocrx_word' id='word_1_243' title='bbox 1350 3355 1395 3432; x_wconf 87' lang='lat' dir='ltr'><strong>lic</strong></span> <span class='ocrx_word' id='word_1_244' title='bbox 1409 3360 1477 3433; x_wconf 82' lang='lat' dir='ltr'><strong>dies</strong></span> <span class='ocrx_word' id='word_1_245' title='bbox 1493 3360 1576 3454; x_wconf 90' lang='lat' dir='ltr'><strong>quid</strong></span> <span class='ocrx_word' id='word_1_246' title='bbox 1592 3364 1743 3463; x_wconf 86' lang='lat' dir='ltr'><strong>facere,</strong></span> 
     </span>
     <span class='ocr_line' id='line_1_30' title="bbox 580 3453 1745 3562; baseline -0.009 -19"><span class='ocrx_word' id='word_1_247' title='bbox 580 3463 727 3558; x_wconf 86' lang='lat' dir='ltr'><strong>quodin</strong></span> <span class='ocrx_word' id='word_1_248' title='bbox 743 3456 861 3549; x_wconf 76' lang='lat' dir='ltr'><strong>eadit,</strong></span> <span class='ocrx_word' id='word_1_249' title='bbox 887 3457 932 3532; x_wconf 90' lang='lat' dir='ltr'><strong>de</strong></span> <span class='ocrx_word' id='word_1_250' title='bbox 947 3478 1020 3553; x_wconf 92' lang='lat' dir='ltr'><strong>quo</strong></span> <span class='ocrx_word' id='word_1_251' title='bbox 1034 3454 1135 3551; x_wconf 77' lang='lat' dir='ltr'><strong>saepae</strong></span> <span class='ocrx_word' id='word_1_252' title='bbox 1148 3455 1289 3533; x_wconf 82' lang='lat' dir='ltr'><strong>monui:</strong></span> <span class='ocrx_word' id='word_1_253' title='bbox 1315 3454 1375 3532; x_wconf 91' lang='lat' dir='ltr'><strong>sed</strong></span> <span class='ocrx_word' id='word_1_254' title='bbox 1388 3455 1412 3530; x_wconf 88' lang='lat' dir='ltr'><strong>sr</strong></span> <span class='ocrx_word' id='word_1_255' title='bbox 1426 3453 1572 3556; x_wconf 84' lang='lat' dir='ltr'><strong>figurate</strong></span> <span class='ocrx_word' id='word_1_256' title='bbox 1588 3464 1745 3562; x_wconf 65' lang='lat' dir='ltr'><strong>accipin.</strong></span> 
     </span>
     <span class='ocr_line' id='line_1_31' title="bbox 581 3553 1248 3656; baseline -0.01 -19"><span class='ocrx_word' id='word_1_257' title='bbox 581 3573 720 3656; x_wconf 66' lang='lat' dir='ltr'><strong>cupro</strong></span> <span class='ocrx_word' id='word_1_258' title='bbox 732 3557 850 3644; x_wconf 84' lang='lat' dir='ltr'><strong>malo,</strong></span> <span class='ocrx_word' id='word_1_259' title='bbox 875 3553 990 3632; x_wconf 81' lang='lat' dir='ltr'><strong>sensus</strong></span> <span class='ocrx_word' id='word_1_260' title='bbox 1005 3557 1042 3630; x_wconf 91' lang='lat' dir='ltr'><strong>ln</strong></span> <span class='ocrx_word' id='word_1_261' title='bbox 1057 3553 1152 3628; x_wconf 88' lang='lat' dir='ltr'><strong>facili</strong></span> <span class='ocrx_word' id='word_1_262' title='bbox 1168 3555 1248 3630; x_wconf 88' lang='lat' dir='ltr'><strong>erit.</strong></span> 
     </span>
    </p>

    <p class='ocr_par' dir='ltr' id='par_1_4' title="bbox 580 3649 1743 3845">
     <span class='ocr_line' id='line_1_32' title="bbox 627 3649 1743 3749; baseline 0.011 -19"><span class='ocrx_word' id='word_1_263' title='bbox 627 3653 772 3745; x_wconf 74' lang='lat' dir='ltr'>§.XXL</span> <span class='ocrx_word' id='word_1_264' title='bbox 795 3653 878 3730; x_wconf 89' lang='lat' dir='ltr'><strong>Hoc</strong></span> <span class='ocrx_word' id='word_1_265' title='bbox 893 3654 978 3730; x_wconf 83' lang='lat' dir='ltr'><strong>casn</strong></span> <span class='ocrx_word' id='word_1_266' title='bbox 999 3649 1136 3749; x_wconf 87' lang='lat' dir='ltr'><strong>pofito,</strong></span> <span class='ocrx_word' id='word_1_267' title='bbox 1167 3652 1205 3727; x_wconf 92' lang='lat' dir='ltr'><strong>in</strong></span> <span class='ocrx_word' id='word_1_268' title='bbox 1229 3672 1301 3748; x_wconf 90' lang='lat' dir='ltr'><strong>quo</strong></span> <span class='ocrx_word' id='word_1_269' title='bbox 1322 3649 1393 3726; x_wconf 91' lang='lat' dir='ltr'><strong>dici</strong></span> <span class='ocrx_word' id='word_1_270' title='bbox 1406 3651 1541 3747; x_wconf 85' lang='lat' dir='ltr'><strong>pollet,</strong></span> <span class='ocrx_word' id='word_1_271' title='bbox 1567 3679 1651 3737; x_wconf 87' lang='lat' dir='ltr'><strong>eum</strong></span> <span class='ocrx_word' id='word_1_272' title='bbox 1665 3662 1743 3742; x_wconf 81' lang='lat' dir='ltr'><strong>effe</strong></span> 
     </span>
     <span class='ocr_line' id='line_1_33' title="bbox 580 3748 1741 3845; baseline 0.007 -19"><span class='ocrx_word' id='word_1_273' title='bbox 580 3753 692 3828; x_wconf 77' lang='lat' dir='ltr'><strong>exitio</strong></span> <span class='ocrx_word' id='word_1_274' title='bbox 704 3751 985 3841; x_wconf 82' lang='lat' dir='ltr'><strong>involvendum,</strong></span> <span class='ocrx_word' id='word_1_275' title='bbox 1010 3751 1171 3843; x_wconf 83' lang='lat' dir='ltr'><strong>adeoque</strong></span> <span class='ocrx_word' id='word_1_276' title='bbox 1187 3749 1220 3824; x_wconf 83' lang='lat' dir='ltr'><strong>dt</strong></span> <span class='ocrx_word' id='word_1_277' title='bbox 1234 3748 1306 3844; x_wconf 91' lang='lat' dir='ltr'><strong>ipse</strong></span> <span class='ocrx_word' id='word_1_278' title='bbox 1323 3749 1435 3826; x_wconf 86' lang='lat' dir='ltr'><strong>videri</strong></span> <span class='ocrx_word' id='word_1_279' title='bbox 1449 3752 1565 3845; x_wconf 85' lang='lat' dir='ltr'><strong>pollet</strong></span> <span class='ocrx_word' id='word_1_280' title='bbox 1579 3756 1741 3840; x_wconf 73' lang='lat' dir='ltr'><strong>didiurus</strong></span> 
     </span>
    </p>
   </div>
   <div class='ocr_carea' id='block_1_3' title="bbox 450 3847 1742 3952">
    <p class='ocr_par' dir='ltr' id='par_1_5' title="bbox 450 3847 1742 3952">
     <span class='ocr_line' id='line_1_34' title="bbox 450 3847 1742 3952; baseline 0.029 -49"><span class='ocrx_word' id='word_1_281' title='bbox 450 3863 453 3868; x_wconf 96' lang='lat'>·</span> <span class='ocrx_word' id='word_1_282' title='bbox 578 3867 652 3946; x_wconf 64' lang='grc' dir='ltr'><strong>με</strong></span> <span class='ocrx_word' id='word_1_283' title='bbox 672 3859 792 3934; x_wconf 79' lang='lat' dir='ltr'><strong>metu,</strong></span> <span class='ocrx_word' id='word_1_284' title='bbox 813 3853 927 3942; x_wconf 67' lang='lat' dir='ltr'><strong>utique</strong></span> <span class='ocrx_word' id='word_1_285' title='bbox 952 3851 1058 3944; x_wconf 79' lang='lat' dir='ltr'><strong>caliga</strong></span> <span class='ocrx_word' id='word_1_286' title='bbox 1080 3869 1130 3920; x_wconf 79' lang='lat' dir='ltr'><strong>ane</strong></span> <span class='ocrx_word' id='word_1_287' title='bbox 1149 3851 1251 3921; x_wconf 71' lang='lat' dir='ltr'><strong>exilio</strong></span> <span class='ocrx_word' id='word_1_288' title='bbox 1268 3849 1439 3938; x_wconf 75' lang='lat' dir='ltr'><strong>involvet,</strong></span> <span class='ocrx_word' id='word_1_289' title='bbox 1460 3847 1570 3927; x_wconf 86' lang='lat' dir='ltr'><strong>fidem</strong></span> <span class='ocrx_word' id='word_1_290' title='bbox 1590 3853 1742 3952; x_wconf 81' lang='lat' dir='ltr'><strong>&amp;spem</strong></span> 
     </span>
    </p>
   </div>
   <div class='ocr_carea' id='block_1_4' title="bbox 578 3939 1739 4244">
    <p class='ocr_par' dir='ltr' id='par_1_6' title="bbox 578 3939 1739 4244">
     <span class='ocr_line' id='line_1_35' title="bbox 578 3939 1739 4054; baseline 0.017 -38"><span class='ocrx_word' id='word_1_291' title='bbox 578 3947 673 4028; x_wconf 75' lang='lat' dir='ltr'><strong>qm</strong></span> <span class='ocrx_word' id='word_1_292' title='bbox 692 3939 904 4040; x_wconf 73' lang='lat' dir='ltr'><strong>profitebar,</strong></span> <span class='ocrx_word' id='word_1_293' title='bbox 942 3967 1010 4044; x_wconf 88' lang='lat' dir='ltr'><strong>qua</strong></span> <span class='ocrx_word' id='word_1_294' title='bbox 1032 3941 1236 4042; x_wconf 74' lang='lat' dir='ltr'><strong>persuasum</strong></span> <span class='ocrx_word' id='word_1_295' title='bbox 1255 3943 1291 4026; x_wconf 86' lang='lat' dir='ltr'><strong>se</strong></span> <span class='ocrx_word' id='word_1_296' title='bbox 1309 3945 1383 4027; x_wconf 81' lang='lat' dir='ltr'><strong>effe</strong></span> <span class='ocrx_word' id='word_1_297' title='bbox 1407 3947 1513 4042; x_wconf 80' lang='lat' dir='ltr'><strong>dicit,</strong></span> <span class='ocrx_word' id='word_1_298' title='bbox 1544 3953 1739 4054; x_wconf 83' lang='lat' dir='ltr'><strong>caliginem</strong></span> 
     </span>
     <span class='ocr_line' id='line_1_36' title="bbox 590 4051 1738 4244; baseline 0.003 -15"><span class='ocrx_word' id='word_1_299' title='bbox 590 4105 638 4229; x_wconf 26' lang='lat' dir='ltr'><strong>dc</strong></span> <span class='ocrx_word' id='word_1_300' title='bbox 658 4153 830 4228; x_wconf 84' lang='lat' dir='ltr'><strong>Schultens</strong></span> <span class='ocrx_word' id='word_1_301' title='bbox 854 4152 893 4221; x_wconf 88' lang='lat' dir='ltr'><strong>ad</strong></span> <span class='ocrx_word' id='word_1_302' title='bbox 914 4153 989 4240; x_wconf 89' lang='lat' dir='ltr'><strong>Job.</strong></span> <span class='ocrx_word' id='word_1_303' title='bbox 1015 4175 1059 4223; x_wconf 82' lang='lat' dir='ltr'><strong>rx:</strong></span> <span class='ocrx_word' id='word_1_304' title='bbox 1089 4173 1141 4244; x_wconf 78' lang='lat'><strong>11·</strong></span> <span class='ocrx_word' id='word_1_305' title='bbox 1652 4051 1738 4132; x_wconf 59' lang='lat' dir='ltr'>fore</span> 
     </span>
    </p>
   </div>
   <div class='ocr_carea' id='block_1_5' title="bbox 0 0 1996 5159">
    <p class='ocr_par' dir='ltr' id='par_1_7' title="bbox 0 0 1996 5159">
     <span class='ocr_line' id='line_1_37' title="bbox 0 0 1996 5159; baseline 0 17"><span class='ocrx_word' id='word_1_306' title='bbox 0 0 1996 5159; x_wconf 95' lang='lat' dir='ltr'><strong> </strong></span> 
     </span>
    </p>
   </div>
  </div>
 </body>
</html>
