3984 5159
503 586 625 678 sno
693 576 1064 701 “PSALM.
1137 596 1308 677 ext*
1410 628 1468 699 ,5
1577 644 1581 650 .

309 794 362 873 est
385 794 551 871 &realia
599 788 642 866 In
656 792 803 879 ceriali,
824 788 885 867 seu
902 775 1016 885 stilo,
1041 789 1259 868 &strubura
1275 793 1465 885 orationis,

296 893 394 969 illud
414 906 559 987 tantum,
573 886 744 987 singulare
765 888 946 978 occurrit,
979 889 1097 983 quod,
1122 904 1165 964 ut
1178 890 1287 965 modo
1301 890 1464 965 observa·
1562 934 1566 939 ι

309 994 368 1081 vi,
389 990 520 1087 singula
537 984 776 1075 hemistichia,
802 986 863 1058 vel
885 986 1003 1081 potius
1016 984 1147 1083 finguln
1166 990 1347 1078 membra,
1368 987 1471 1063 ordia.
1590 1029 1593 1034 ·

160 1166 161 1169 r
309 1110 393 1165 nem
416 1083 606 1181 Alpbabeti
621 1082 732 1157 Hebr.
747 1080 961 1170 observent,
986 1083 1106 1176 primis
1120 1081 1335 1179 ungulorum
1350 1106 1460 1161 menr-

302 1188 456 1261 ‘brorum
469 1182 615 1255 vocibus
631 1200 713 1253 cum
727 1180 846 1253 littera
860 1180 1051 1274 Alpbabeti
1062 1230 1074 1271 ,
1085 1180 1210 1255 ordine
1226 1179 1461 1274 decurrente,

308 1280 570 1376 incipientibus.
626 1273 736 1375 Quod
751 1296 834 1351 cum
850 1276 1033 1373 elegantia
1049 1275 1209 1371 poesros,
1235 1292 1313 1352 tum
1327 1300 1460 1355 memo·

307 1381 368 1455 riae
388 1372 628 1453 succurrendae
651 1393 757 1469 ergo,
773 1372 960 1466 aliquando
978 1372 1051 1445 fuit
1066 1374 1103 1447 in
1118 1375 1298 1449 nonnullis
1316 1374 1479 1451 canticis

308 1475 543 1551 observatum.
594 1470 722 1543 Cetera
736 1468 814 1547 fluit
828 1470 944 1543 oratio
962 1468 1058 1543 facili
1074 1468 1187 1562 st'ylo,
1202 1493 1270 1545 nec
1283 1470 1460 1547 interstin-

305 1572 358 1646 tta
373 1570 426 1645 est
440 1569 557 1645 multis
571 1566 780 1653 luminibus,
796 1580 858 1641 aut
872 1567 975 1665 uariis
991 1566 1148 1660 personis
1163 1568 1406 1661 loquentibus.

356 1674 387 1760 §.
407 1666 469 1741 Vl.
502 1662 622 1737 Partes
647 1659 718 1750 Ps.‚
758 1662 795 1737 in
818 1663 943 1756 quibus
965 1662 1152 1737 methodus
1175 1670 1274 1738 realis
1301 1664 1363 1740 fita
1386 1664 1458 1756 est,

306 1766 387 1844 sunt
410 1763 606 1857 sequentes.
662 1758 691 1833 1.
716 1755 836 1832 Prima
865 1756 916 1833 est
944 1758 1116 1855 propositi
1144 1760 1190 1833 de
1210 1759 1293 1835 Deo
1313 1762 1456 1855 publice

306 1859 480 1940 laudando
503 1854 721 1943 testificatio,
748 1852 836 1928 vers.
865 1876 896 1929 1.
951 1854 994 1929 ll.
1012 1854 1159 1929 Secunda
1172 1858 1380 1948 materiam,
1396 1858 1458 1933 seu
1591 1857 1594 1864 ⁴

307 1971 577 2059 argumentum,
618 1952 865 2027 celebrationis
904 1950 973 2025 Dei
995 1955 1193 2042 cundoet,
1227 1953 1318 2029 vers.
1346 1976 1458 2047 2-9.

308 2056 416 2159 Quod
437 2082 468 2129 a.
477 2054 515 2127 in
528 2070 658 2149 genere
674 2049 961 2142 proponitur,'in
978 2048 1167 2123 illustribus
1185 2050 1255 2124 Dei
1269 2054 1458 2146 operibus,

309 2158 344 2229 dt
364 2151 454 2227 iniis
471 2144 750 2225 elucescentibus
766 2144 1040 2238 perfectionibus
1056 2145 1198 2237 justitiae
1214 2148 1459 2247 &gratim-

310 2268 415 2336 tum‚
439 2244 530 2320 vers.
557 2266 667 2333 2-4.
715 2268 744 2316 r.
760 2240 939 2339 specialius
960 2240 1146 2317 deducitur
1167 2242 1335 2339 respectu.
1356 2276 1391 2318 e.
1406 2247 1457 2317 be·

310 2342 496 2441 reficiorum
518 2342 555 2415 in
576 2340 766 2434 populum,
784 2340 914 2436 partim
928 2340 1161 2428 collatorum,
1185 2342 1315 2435 partim
1332 2338 1458 2416 confe-

307 2444 521 2524 rendorum,
548 2436 637 2511 vers.
664 2456 701 2527 5,
728 2439 762 2509 ό.
808 2441 844 2521 β.
869 2435 1000 2531 Legum
1022 2438 1155 2530 populo
1179 2436 1458 2531 prescriptorum
1607 2496 1611 2504 .

308 2545 346 2617 in
362 2540 493 2637 lignum
501 2531 644 2625 foederis
659 2552 740 2606 cum
756 2554 802 2607 eo
819 2532 949 2622 erecti,
967 2530 1056 2606 vers.
1073 2555 1108 2625 7,
1127 2535 1158 2607 8.
1188 2561 1213 2608 r.
1228 2533 1296 2608 Per
1309 2532 1458 2610 modum

246 2700 260 2715 .
308 2632 541 2715 conclufionis
562 2628 768 2705 clarioribus
784 2630 900 2702 verbis
918 2628 1215 2723 repetitur,vers
1230 2653 1265 2723 9.
1292 2628 1356 2704 Ill.
1377 2627 1456 2703 Ter.

308 2744 358 2809 ria
388 2752 465 2828 pars
487 2726 748 2803 conclusionem
768 2722 897 2799 cantici
919 2723 1209 2818 comprehendit,
1240 2726 1466 2839 quapartimf

307 2830 478 2927 populum
502 2846 586 2896 vera
599 2820 766 2915 sapientia
789 2818 948 2915 instruit,
973 2821 1226 2917 parcinianos
1240 2822 1363 2900 Deim
1376 2844 1457 2921 per.

199 3018 202 3025 ¹
311 2940 461 3026 pecuum
474 2918 555 2996 sore
568 2916 720 2993 declarat
735 2914 826 2993 vers.
845 2938 900 2992 ro.
1406 2914 1410 2921 ·

268 3140 1546 3303 ,nuncumtss

360 3414 392 3498 §.
406 3402 487 3478 Vll.
513 3402 620 3477 Hisce
641 3396 837 3493 praniffis,
859 3398 902 3474 ad
915 3398 1146 3493 hypotbelin,
1172 3385 1217 3472 er
1239 3420 1308 3492 qua
1326 3398 1378 3474 Ps.
1396 3422 1455 3477 ex·

310 3502 489 3603 plicandus
514 3496 584 3586 est,
610 3518 686 3591 quae
707 3496 843 3571 clavem
865 3493 969 3570 reoae
983 3496 1288 3590 interpretationis
1301 3500 1455 3591 praebet,
1523 3513 1527 3521 ’

312 3598 588 3696 investigandam
618 3592 834 3665 accedamus.
897 3592 1135 3687 interpretes,
1170 3607 1339 3684 quantum
1369 3594 1457 3669 mibi

314 3702 446 3789 liquet,
472 3695 600 3766 intres
621 3688 698 3763 fere
720 3688 903 3763 discedunt
921 3704 1050 3783 partes.
1108 3688 1181 3763 Alii
1199 3687 1323 3762 cunila
1336 3690 1378 3761 ad
1393 3690 1458 3765 Ec·

159 3782 165 3789 ’
313 3792 452 3869 clcsram
482 3786 706 3863 israeliticam
732 3783 923 3873 referunt,
963 3780 1193 3859 &beneficia
1223 3784 1461 3879 antiquissimis

316 3885 560 4005 temporibus,
583 3884 707 3995 quibus
731 3903 774 3954 ex
797 3882 965 3979 Aegypto
989 3877 1112 3991 edubln
1135 3881 1170 3955 de
1192 3876 1460 3995 insananaeanr

316 3978 1465 4185 sttturbulentarum,nnr

868 4175 904 4253 A
931 4194 950 4270 3
1048 4222 1054 4241 ι
1324 4172 1468 4250 suanam
