3984 5159
356 587 430 643 nn
502 566 529 640 Ρ
574 565 598 644 S
645 567 681 644 A
730 567 762 644 L
809 567 865 656 Μ
934 567 1124 649 CXLIV:
1159 511 1244 664 13‘2.
1320 599 1387 675 721

309 783 1316 906 EXPLICATIO.

285 1046 317 1133 §-
334 1041 383 1115 V.
408 1036 498 1115 Cum
523 1041 641 1114 oninia
670 1037 706 1114 in
729 1039 957 1119 Davidem&
980 1057 1120 1139 tenipus
1136 1042 1320 1138 compositi
1338 1041 1389 1119 Ps.

235 1142 333 1233 redte
355 1141 598 1227 conveniant,
631 1139 845 1232 interpretes
866 1164 1008 1235 quoque
1031 1144 1268 1217 communiter
1292 1144 1389 1234 ineo

236 1241 477 1331 acquiescant,
503 1259 524 1307 a
547 1234 665 1329 paucis
688 1233 713 1306 si
734 1236 946 1324 discesseris,
979 1242 1039 1332 qui
1053 1242 1096 1313 ad
1111 1237 1267 1314 Meffiam
1282 1239 1388 1334 adpli-

170 1353 177 1366 ’
233 1352 342 1423 eant,
377 1334 434 1405 vel
456 1334 554 1429 regni
578 1333 649 1406 Dei
672 1331 734 1405 sub
759 1332 881 1404 Meffia
901 1335 1219 1412 manifestationem
1247 1336 1337 1411 vers.
1355 1361 1388 1430 3.

237 1432 280 1505 ad
302 1428 362 1504 lin.
386 1431 461 1524 peti
484 1427 701 1515 existimant,
726 1430 784 1519 qui
799 1428 962 1501 audiendi
975 1452 1049 1505 non
1064 1432 1165 1521 sunt,
1191 1457 1272 1509 curn
1286 1435 1386 1508 nullo

120 1590 122 1621 ὲ
233 1528 474 1604 'fundamento
495 1527 672 1612 nitentum
705 1525 748 1594 ad
769 1528 1014 1619 explicationem
1035 1550 1119 1600 mox
1138 1549 1259 1624 pergo.
1309 1528 1389 1602 Pri·
1440 1597 1444 1602 .

120 1631 123 1640 ’
235 1647 290 1701 inu
311 1627 348 1700 in
371 1627 422 1700 Ps.
442 1640 563 1718 parte,
590 1645 664 1715 quae
688 1618 738 1692 est
760 1619 925 1710 iniurati,
957 1651 987 1695 a.
1009 1620 1128 1696 Deum
1142 1626 1297 1700 celebrat
1314 1641 1388 1702 tan·

237 1746 341 1819 quain
365 1737 528 1798 autorem
552 1717 825 1794 fortitudinis&
850 1719 984 1812 peritiae
1010 1717 1077 1794 sue
1099 1720 1258 1809 bellicae,
1308 1745 1388 1800 uani

235 1820 463 1915 praestiterat,
471 1817 665 1988 [esuriatis
683 1816 720 1890 &w
733 1815 930 1907 felicitatis,
946 1839 1014 1910 qua
1033 1819 1206 1916 gaudebat
1217 1867 1229 1907 ,
1240 1747 1389 1914 &Jubja

120 1958 126 1989 r
235 1918 349 1994 uronis
373 1942 470 2014 popu
485 1938 588 1990 osuin
609 1937 630 1986 a
650 1912 684 1985 se
709 1912 771 1986 sub
792 1917 915 2010 juguni
941 1914 1144 2006 missorum,
1179 1913 1269 1988 vers.
1298 1937 1331 2003 1,
1354 1937 1387 2006 2.

120 2011 126 2024 '
241 2044 271 2111 ³,
296 2014 511 2090 beneficium
531 2009 617 2084 illud
643 2010 801 2097 extollit,
835 2012 1007 2108 &gratiae
1029 2012 1098 2086 Dei
1122 2011 1309 2106 acceptuni
1332 2033 1387 2084 re·

120 2169 126 2198 .
234 2087 331 2203 iert,
356 2134 402 2184 eir
422 2107 701 2183 consideratione
715 2108 858 2180 vilitatis
873 2109 1045 2198 hominis,
1071 2107 1160 2182 vers.
1178 2133 1212 2204 3,
1229 2137 1264 2202 4.

119 2201 125 2285 ῗ
286 2214 319 2301 §.
345 2207 407 2282 Vl.
465 2234 494 2280 n.
519 2201 620 2277 Prior
648 2202 817 2298 pericopa
841 2204 894 2278 liis
917 2208 1036 2280 verbis
1058 2207 1262 2301 profertur,
1295 2203 1388 2282 vers.

120 2308 125 2363 ἕ
236 2331 273 2400 1,
297 2331 331 2384 a.
358 2303 547 2378 Benediiius
571 2297 726 2400 Jelioua,
750 2316 844 2396 rupes
868 2325 958 2393 mre,
983 2308 1167 2397 quinarius
1182 2305 1387 2379 meuserudi·

236 2412 291 2479 nii
318 2405 360 2474 ud
386 2404 561 2496 prelium,
599 2399 718 2496 digitos
744 2420 826 2472 meos
847 2401 890 2470 ad
909 2403 1037 2473 lelium.
1079 2399 1293 2495 ,benigniias
1315 2425 1386 2473 meu

120 2546 123 2558 ·
236 2503 414 2575 exuliuasn
433 2495 477 2581 δ’
496 2499 634 2570 munitio
655 2518 744 2585 meo,
771 2499 927 2568 exaltatio
945 2518 1036 2587 mea,
1062 2495 1106 2580 ἐξ
1124 2495 1387 2589 euafiomeami-
1456 2553 1459 2564 .

120 2669 122 2683 s
234 2602 288 2687 hi,
322 2601 450 2692 clypeus
470 2616 558 2668 meus
583 2591 627 2676 ἐξ
647 2599 683 2665 in
705 2616 763 2688 quo
784 2590 952 2688 refugium
975 2597 1092 2682 habui,
1126 2599 1181 2689 qui
1197 2591 1385 2688 substravit

120 2706 121 2755 f
228 2699 362 2793 populos
373 2694 436 2791 suli
450 2717 509 2767 me.
560 2689 740 2764 Praemittir
754 2691 968 2782 precationi,
993 2713 1080 2765 rnoir
1096 2689 1288 2776 secuturae,
1313 2692 1385 2766 lau.

232 2793 405 2866 datoriam
424 2790 614 2886 gratiarum
637 2785 808 2861 astionem
833 2811 899 2881 pro
919 2785 1099 2862 beneficiis
1124 2787 1161 2864 in
1176 2787 1211 2860 se
1225 2788 1383 2880 collatis,

235 2905 279 2964 ut
305 2887 424 2960 Deum
452 2885 495 2956 ad
523 2903 646 2977 preces
673 2883 905 2960 exaudiendas
927 2906 972 2959 eo
991 2887 1099 2982 inagis
1120 2899 1306 2974 moveret,
1338 2907 1384 2962 ex

236 2982 515 3059 consideratione
535 2979 663 3075 partim
684 2980 978 3071 conservationis,
1013 2983 1251 3072 liberationis,
1275 2983 1384 3059 &ein

120 3096 121 3109 ¹
234 3083 412 3158 altationis
435 3078 502 3152 suae
522 3101 542 3150 a
562 3079 667 3165 Deo,
706 3079 836 3174 quippe
860 3082 920 3174 qui
944 3102 1033 3174 opus
1055 3103 1223 3156 manuum
1244 3079 1383 3158 suarum

234 3202 310 3256 non
332 3177 424 3252 solet
445 3175 582 3250 millum
601 3173 745 3264 facere,
788 3179 914 3271 partiin
935 3179 1155 3275 gratitudinis
1177 3178 1274 3266 suae,
1312 3199 1382 3270 qua

120 3294 121 3303 ¹
231 3277 357 3375 dignus
380 3273 516 3350 censeri
536 3271 672 3367 pollet,
698 3273 756 3367 qui
779 3275 1004 3349 ulterioribus
1019 3273 1202 3352 beneficiis
1216 3274 1381 3350 similibus

232 3375 445 3460 cumuletur.
510 3367 764 3464 Conipleiiitur
789 3389 907 3448 autem
939 3373 1058 3447 omnia
1081 3369 1255 3446 benesieia
1280 3372 1382 3463 Dei,

120 3496 126 3502 -
233 3473 357 3566 quibus
381 3473 559 3559 hucusque
584 3466 719 3565 gavisus
739 3486 832 3558 erat,
858 3469 1025 3563 epithetis
1044 3469 1114 3544 Dei
1132 3468 1381 3560 adcumularis,

233 3569 268 3644 ds
281 3567 459 3664 phrasibus
473 3565 602 3653 uariis,
627 3563 700 3636 five
715 3567 862 3640 eandem
877 3588 954 3641 reni
969 3568 1065 3644 varie
1080 3563 1384 3660 exprimentibus,

233 3666 307 3741 five
327 3667 435 3741 etiarn
460 3683 516 3736 res
539 3659 689 3734 diversas
713 3662 996 3760 designantibus3
1037 3665 1090 3738 uti
1115 3663 1151 3738 in
1173 3663 1264 3758 stylo
1285 3661 1381 3737 adse·

230 3763 354 3840 diuoso
383 3761 462 3836 sieri
480 3757 626 3834 adsolet.
676 3758 796 3833 Potest
814 3775 932 3836 auteni
956 3762 1124 3856 pericopa
1140 3762 1176 3836 in
1190 3763 1249 3834 duo
1265 3759 1382 3836 distin·

234 3863 292 3959 gui
310 3864 487 3947 membra,
519 3878 670 3951 quoium
687 3860 781 3951 prius
796 3861 959 3934 continet
973 3859 1275 3954 propositionem,
1300 3855 1382 3954 post-

236 3967 323 4034 erius
342 3961 418 4052 ejus
433 3953 678 4030 dedutrionem
696 3953 1061 4049 &amplificationem
1121 3953 1224 4030 Prius
1242 3957 1329 4032 vers.
1350 3977 1384 4032 1.

241 4058 294 4134 his
308 4058 445 4133 verbis:
470 4067 566 4151 rupes
585 4075 676 4144 mea,
701 4060 757 4148 qui
771 4077 886 4128 monus
909 4078 996 4132 meus
1012 4056 1190 4156 rudiiijal
1199 4057 1385 4157 praelium,

782 4149 909 4249 Yyyy
1267 4151 1390 4242 digitos
1520 4219 1526 4224 .
1558 4103 1562 4112 Ι
