3984 5159
589 641 661 739 ⁶7⁶
768 625 1584 712 committimus

584 843 690 900 meum
708 833 804 916 pono.
851 812 944 914 Quae
964 833 1038 887 non
1059 809 1102 882 ad
1124 809 1275 904 praeced.
1302 808 1362 886 sed
1378 807 1445 906 seq.
1463 815 1681 906 pertinere,
1706 814 1750 890 fa·

586 922 655 996 cile
676 931 794 1011 patet,
820 911 963 986 &reete
978 907 1203 983 observatum
1216 907 1282 982 est.
1331 907 1490 985 Tantum
1508 925 1670 985 notetur
1686 933 1751 988 em·

587 1014 701 1115 phafis
728 1045 750 1089 n
776 1009 975 1107 paragogici
1004 1007 1039 1078 in
1074 1033 1139 1080 nn:
1160 1013 1196 1082 in
1224 1021 1278 1096 τες
1317 1029 1390 1083 non
1413 1009 1513 1083 enim
1542 1008 1746 1104 fimph'citer

587 1112 835 1212 peragogicum
850 1105 920 1193 est,
946 1104 1006 1176 sed
1019 1102 1196 1199 emphafin
1214 1119 1340 1202 auget,
1366 1120 1405 1180 ut
1425 1104 1468 1178 iit
1487 1111 1525 1178 in
1540 1121 1589 1194 te,
1604 1107 1667 1198 qui
1681 1129 1746 1199 po»

588 1208 795 1287 tentiffimus
815 1225 852 1276 es
875 1203 908 1276 &
932 1202 1129 1276 benevolus
1154 1201 1357 1298 protestor,
1389 1205 1426 1276 in
1447 1221 1485 1274 te
1509 1203 1589 1298 ipso
1611 1202 1742 1280 tufolo.

587 1308 735 1476 Dcffiula
756 1302 816 1374 vel
838 1297 937 1375 fimiii
953 1298 1142 1394 emphafin
1161 1297 1360 1400 paragogici
1374 1299 1456 1376 alibi
1472 1300 1546 1374 dixi
1564 1303 1604 1378 in
1617 1323 1747 1378 comm.

587 1402 632 1476 ad
692 1419 865 1475 a.11:11.

639 1507 672 1592 ς.
690 1498 836 1571 XXVII.
863 1493 939 1594 Ipsa
961 1497 1122 1594 precatio
1143 1501 1300 1593 negative
1313 1496 1529 1592 proponitur
1542 1497 1580 1571 ἀ
1592 1496 1749 1595 pefitiee:

588 1599 711 1694 priore
741 1596 850 1670 modo
874 1596 925 1669 his
947 1595 1085 1681 verbis,
1119 1617 1159 1668 ne
1182 1595 1319 1668 denudes
1340 1601 1485 1668 animam
1504 1619 1631 1686 meam,
1663 1599 1698 1669 h.
1717 1619 1750 1672 e.

591 1697 674 1787 vel,
699 1716 746 1770 ne
762 1690 921 1789 presidio
936 1708 999 1765 tuo
1014 1690 1179 1766 nudatam
1196 1712 1351 1785 exponas
1367 1693 1521 1766 animam
1534 1715 1676 1784 meam,
1691 1693 1749 1768 seu

593 1795 725 1883 vitam,
749 1788 936 1865 manifesto
950 1787 1113 1882 periculo
1126 1789 1161 1863 δι
1174 1791 1304 1877 morti,
1329 1789 1410 1879 vel,
1435 1809 1482 1863 ne
1500 1787 1748 1865 effundenti-

590 1914 686 1967 mam
706 1910 843 1975 meam,
868 1883 973 1959 instar
995 1907 1116 1979 aquae,
1142 1885 1177 1960 δι
1196 1908 1256 1982 me
1281 1907 1322 1960 ea
1342 1887 1480 1979 prives,
1516 1886 1583 1962 seu
1599 1909 1745 1965 vacuum

592 1988 731 2062 reddas.
779 1982 955 2059 Posterius
973 1984 1058 2057 licet
1071 1983 1243 2079 vulgatius
1257 1981 1322 2074 fit,
1346 1983 1440 2058 &ex
1454 1981 1523 2076 Jes.
1541 2006 1652 2060 xxm:
1669 2006 1747 2077 15„

593 2087 655 2160 ubi
673 2107 742 2178 pro
764 2079 915 2178 effufione
931 2079 1108 2169 sumitur,
1138 2077 1341 2154 confirmari
1362 2077 1486 2172 poffit3
1508 2088 1611 2177 prius
1633 2101 1749 2160 temen

593 2202 677 2254 cum
707 2180 810 2250 verbi
836 2178 986 2251 notione
1010 2175 1061 2252 est
1082 2175 1323 2266 comanitas,
1357 2175 1619 2274 &elegantiae
1666 2181 1749 2256 Pro·

592 2277 673 2373 prie
689 2271 785 2348 enim
799 2273 837 2348 in
850 2273 937 2346 illud
951 2276 1143 2363 convenit,
1157 2274 1254 2370 quod
1270 2271 1562 2368 persseffufionem
1576 2276 1748 2368 nudatur,

593 2389 636 2448 ut
649 2373 693 2448 de
715 2372 838 2470 lagena
860 2372 1033 2460 habetur,
1058 2373 1150 2446 Gen.
1168 2391 1264 2445 xxiv:
1283 2393 1339 2444 ιο.
1364 2393 1441 2447 non
1481 2374 1557 2448 uo'd
1570 2375 1753 2468 profundi-

594 2487 674 2561 tur,
698 2484 741 2544 ut
753 2471 831 2544 hic:
854 2485 1046 2564 praeterea,
1061 2490 1143 2544 cum
1158 2468 1267 2558 modo
1283 2467 1441 2559 dixerat,
1456 2397 1493 2542 ie
1511 2475 1546 2546 in
1561 2473 1650 2547 Deo
1664 2495 1755 2568 que·

470 2661 474 2667 ἱ
592 2589 674 2641 rere
694 2569 729 2643 ἃ
751 2567 882 2642 habere
902 2564 1108 2664 prestitum,
1133 2563 1259 2642 retius
1274 2581 1375 2655 orat,
1400 2587 1447 2641 ne
1464 2590 1511 2642 eo
1525 2571 1756 2646 undenum

593 2690 649 2742 ma
667 2664 752 2756 fua:
775 2664 932 2754 accedit,
948 2666 1068 2737 mari
1082 2664 1235 2756 metaph.
1253 2661 1339 2739 sumi
1353 2685 1422 2758 pro
1439 2667 1567 2760 exponi
1579 2669 1751 2760 periculo

464 2809 469 2818 ·
595 2767 630 2837 ἀ
651 2763 788 2851 morti;
821 2783 927 2855 quare
953 2789 1022 2848 emp
1043 2775 1131 2837 met.
1154 2761 1303 2836 denotat
1324 2763 1402 2836 toea
1422 2765 1540 2852 nuda,
1565 2765 1753 2860 petentia,

594 2858 761 2954 periculis
775 2858 953 2933 bellorum
968 2859 1120 2934 maxime
1135 2857 1310 2946 obnoxia,
1326 2879 1390 2953 per
1408 2881 1487 2953 quae
1500 2861 1608 2936 hostis
1623 2863 1753 2940 irrunr

596 2977 688 3058 pere
702 2951 817 3048 potest
831 2981 861 3027 a.
912 2953 992 3027 Nec
1018 2957 1119 3030 aliter
1142 2954 1309 3032 sumenda
1331 2953 1381 3028 est
1401 2957 1549 3058 phrasis,
1582 2959 1652 3056 Jes.
1668 2981 1756 3039 tm:

599 3073 659 3128 12.
682 3052 745 3126 ubi
768 3053 892 3125 nudare
913 3057 1058 3126 animam
1073 3059 1192 3143 morti,
1219 3053 1277 3126 vel
1297 3053 1340 3124 ad
1361 3069 1493 3128 mortem
1514 3055 1589 3148 est,
1619 3081 1697 3134 eam
1720 3062 1759 3136 ei

596 3170 801 3247 exponere,
823 3147 857 3222 &
872 3149 1064 3223 obnoxiam
1083 3150 1231 3224 reddere
1246 3151 1371 3225 mortis
1383 3151 1568 3232 invassoni.

647 3253 679 3341 §.
696 3259 853 3330 XXVIII.
887 3241 1067 3338 Posteriora
1097 3247 1234 3336 mod0,
1274 3247 1335 3320 vel
1355 3249 1526 3343 pofitive,
1559 3253 1615 3328 his
1638 3257 1760 3331 verb'n

599 3347 807 3423 enunciatur
830 3342 1011 3440 precatio,
1041 3343 1132 3419 vers.
1156 3367 1190 3440 9.
1218 3343 1324 3418 Serve
1344 3369 1392 3418 me
1414 3369 1434 3418 a
1453 3350 1608 3426 titanibus
1629 3358 1757 3451 laquei,

600 3469 708 3520 eorum
723 3443 779 3543 qui
801 3448 1024 3538 illaqueantur
1044 3445 1145 3534 mihi,
1170 3439 1216 3525 ὃ
1233 3444 1405 3516 tendiculis
1418 3459 1623 3540 operatorum
1637 3457 1758 3548 iniqui·

583 3549 694 3619 tatis.
744 3542 937 3636 inquibus
959 3541 1046 3615 nihii
1062 3537 1134 3629 est,
1160 3539 1255 3634 quod
1271 3559 1439 3614 moratur.
1489 3545 1522 3617 Si
1542 3569 1634 3623 vero
1653 3571 1761 3643 quem

454 3693 457 3702 .
582 3636 766 3714 'offendat
786 3643 877 3734 piur.
901 3636 1011 3714 foem.
1035 3641 1132 3712 vocis
1153 3659 1270 3746 mepte,
1305 3659 1385 3713 cum
1410 3661 1482 3713 non
1503 3643 1564 3715 nifi
1590 3647 1628 3720 in
1653 3651 1759 3722 mele.

581 3753 789 3826 ‘occurram
814 3739 842 3810 is
865 3755 932 3826 pro
953 3736 1019 3808 hac
1040 3757 1132 3808 voce
1153 3735 1272 3831 legere
1293 3735 1424 3827 poterit
1448 3759 1506 3812 ine
1520 3770 1543 3814 e
1566 3769 1609 3831 n,
1644 3760 1687 3818 ut
1706 3745 1762 3819 et

578 3892 582 3905 .
603 3849 681 3903 ext:
705 3833 739 3904 6.
770 3835 862 3907 unde
884 3831 988 3903 facile
1012 3834 1098 3904 oriri
1121 3835 1239 3927 potuit
1257 3855 1314 3908 me
1335 3862 1368 3908 n.
1416 3833 1529 3929 Illud,
1566 3839 1655 3915 licet
1674 3844 1762 3916 leve

602 3923 698 4004 forte
713 3925 774 4017 fit,
800 3928 911 4003 verbo
929 3941 1095 4019 notetur,
1118 3928 1232 4006 minus
1250 3951 1289 4004 re
1323 3953 1343 4004 e
1361 3935 1510 4007 verbum
1534 3957 1568 4011 w
1592 3938 1763 4034 ³1'upp1e·

576 4026 634 4131 ίτί
656 4025 690 4101 &
712 4026 805 4098 verti
825 4023 958 4117 solere,
982 4051 1074 4124 quem
1095 4030 1175 4103 mibi
1203 4029 1428 4122 tetenderunt,
1449 4027 1510 4106 sed
1524 3965 1681 4128 deiero,
1701 4057 1762 4108 ιο·

573 4142 584 4160 ”
1019 4139 1031 4156 ’·
1674 4154 1761 4208 ωτι

641 4239 855 4314 ιεὼιιίιεηε
877 4231 1009 4310 Defee.
1034 4237 1066 4324 ς.
1094 4249 1171 4322 εσςι
1287 4345 1293 4353 .
1367 4295 1386 4316 ,.
