3984 5159
363 457 368 474 ·
521 484 611 549 ..ιω
710 395 1588 540 commentarius,

635 624 1708 822 Auscntms*

586 935 718 1032 §.Vll
751 923 991 1030 Hypothefios
1018 925 1070 1003 Ps.
1102 930 1307 1023 exponendi
1327 927 1613 1028 investigatione
1640 932 1694 1010 su

537 1035 727 1134 persedere
754 1032 863 1119 licet;
894 1050 974 1103 cum
996 1049 1042 1101 ex
1063 1024 1307 1120 superioribus
1324 1026 1403 1100 satis
1417 1027 1612 1121 elucescat,
1637 1031 1690 1108 Ps.

540 1134 585 1208 ad
606 1131 679 1227 ipsa
698 1131 757 1202 illa
777 1143 939 1222 tempora
960 1122 1207 1214 Maccabaica,
1230 1146 1308 1218 quae
1326 1120 1494 1228 definivi,
1518 1129 1695 1222 adplican-

542 1232 662 1319 dum,
680 1225 920 1302 &secundum
931 1244 1011 1312 eam
1025 1241 1186 1297 normam
1199 1221 1443 1314 explicandum
1459 1222 1540 1296 elle.
1564 1225 1697 1302 Certis·

543 1327 648 1402 fimus
668 1325 765 1400 enim
782 1320 833 1397 est
855 1319 905 1394 Ps.
929 1317 1281 1412 interpretandorum
1305 1339 1443 1409 canon,
1469 1341 1531 1400 eos
1546 1322 1590 1396 ad
1607 1323 1696 1418 ipsas

544 1424 618 1498 illas
644 1419 831 1516 personas,
856 1438 935 1511 quae
956 1413 1253 1510 composuerunt,
1278 1416 1338 1487 vel
1359 1415 1404 1489 ad
1425 1417 1497 1512 ipsa
1512 1434 1697 1514 tempora,

547 1520 674 1615 quibus
690 1516 770 1592 faui
783 1515 885 1601 sunt,
910 1534 1057 1607 quaque
1070 1511 1185 1586 ansam
1198 1512 1448 1607 praebuerunt,
1473 1513 1713 1608 adplicandos.

547 1615 639 1707 esse,
663 1612 787 1690 finihil
805 1609 942 1698 obstet,
968 1625 1030 1683 aut
1043 1610 1189 1684 aliarum
1206 1609 1454 1702 personarum,
1479 1611 1700 1708 aliorumque
1759 1706 1766 1718 ,

550 1725 773 1806 temporum,
800 1707 943 1784 criteria
964 1706 1086 1781 adsint
1138 1706 1246 1790 Hunc
1270 1707 1332 1798 qui
1351 1705 1399 1780 mi
1461 1722 1477 1781 t
1501 1731 1699 1801 canonem,

418 1877 423 1882 .
549 1810 589 1885 in
603 1809 653 1885 Ps.
677 1806 892 1902 explicandis
914 1826 981 1897 pro
1003 1802 1151 1896 arbitrio
1170 1801 1339 1877 versatur.
1420 1807 1623 1882 ontinemus
1638 1808 1702 1883 ita·

543 1931 616 2003 ¹que
631 1929 696 1982 nos
712 1907 806 1978 intra
821 1899 983 1974 Ecclefiae
998 1900 1232 1974 Maccabaicae
1246 1900 1396 1999 limites,
1413 1903 1568 1996 inquam
1581 1909 1701 1980 omnia
1722 1993 1731 2005 „

550 2004 691 2102 egregie
714 1998 939 2094 conspirant;
961 1995 983 2068 s
1050 2019 1095 2069 ue
1111 1997 1273 2072 lubentes
1286 1999 1515 2109 relinquimus
1530 2003 1613 2076 loco
1628 2005 1704 2078 illo

550 2123 632 2174 rum
654 2097 868 2189 opiniones,¹
885 2093 945 2185 qui
968 2092 1014 2166 ad
1067 2093 1224 2170 cclefiam
1235 2093 1483 2186 Christianam,
1506 2097 1579 2173 five
1595 2119 1639 2174 ex
1654 2099 1705 2174 di·
1730 2183 1735 2190 ‚

408 2243 439 2298 ⁸-
488 2206 494 2216 ’
545 2193 662 2267 -verfis
682 2189 845 2288 angustiis
867 2210 931 2284 per
950 2190 1061 2264 varias
1082 2191 1248 2284 periodos
1266 2193 1470 2285 liberatam,
1494 2194 1565 2270 five
1585 2218 1630 2271 ex
1644 2198 1707 2271 Pa·

546 2292 670 2386 „pismo
700 2310 767 2382 per
791 2284 1103 2364 Reformationem
1131 2287 1363 2380 vindicatam,
1396 2293 1522 2370 oculos
1545 2287 1706 2374 vert'imt.

458 2393 461 2401 '
553 2387 597 2467 In
621 2385 748 2482 quibus
760 2382 956 2470 refutandis
971 2383 1043 2460 effe
1059 2405 1134 2462 non
1146 2385 1263 2461 lubet.

553 2546 1633 2752 ,uastumrto

442 2866 445 2876 ·
554 2894 564 2914 .
607 2853 640 2943 §.
657 2845 756 2926 Vlll.
779 2849 979 2946 Proposrtio
999 2849 1072 2942 Ps,
1104 2873 1181 2948 quae
1205 2856 1416 2936 beneficium
1438 2863 1562 2938 aDeo
1585 2878 1709 2958 accep
1786 2875 1796 2886 ’

559 2961 657 3040 tum,
679 2948 906 3041 animumque
919 2950 1138 3047 gratitudinis
1153 2951 1187 3024 dt
1201 2959 1328 3030 amoris
1345 2958 1596 3050 plenissimum,
1611 2982 1709 3036 com·

556 3045 765 3142 prehendit,
791 3047 840 3118 ita
859 3043 978 3134 sonat:
1006 3045 1096 3122 vers.
1125 3069 1159 3136 1,
1182 3071 1214 3126 2.
1240 3052 1380 3148 Diligo:
1403 3060 1480 3149 quia
1495 3059 1628 3130 audivit
1646 3055 1709 3156 Je-

557 3147 643 3218 hooa
665 3164 917 3235 vocemmeam,
934 3141 1094 3235 stridulos
1116 3146 1329 3242 intorsimus,
1361 3157 1437 3245 quia
1460 3157 1638 3227 inclinavit
1652 3175 1710 3228 au·

558 3265 627 3318 rem
644 3237 744 3338 suom
765 3242 808 3312 ad
830 3263 889 3313 nte.
917 3239 952 3314 h.
971 3261 1003 3314 e.
1052 3239 1222 3340 Querelas
1245 3245 1567 3342 &supplicationes
1591 3273 1708 3342 meas,

559 3339 598 3412 in
613 3337 746 3414 summa
762 3336 797 3414 δι
816 3337 1001 3431 desperata
1027 3360 1105 3413 mea
1126 3341 1324 3417 adilidlione
1349 3367 1395 3419 cx
1418 3348 1546 3422 intimo
1566 3348 1711 3439 adfesiu

560 3433 671 3522 susas,
701 3457 786 3510 curn
802 3433 942 3527 jehova
963 3435 1138 3532 benigne,
1177 3439 1212 3511 &
1233 3460 1315 3518 cuns
1335 3441 1469 3518 favoris
1494 3444 1543 3519 sui
1564 3446 1712 3520 demon·

562 3526 748 3620 strationc,
785 3523 1004 3633 exaudierit,
1040 3533 1243 3628 tristemque
1270 3561 1389 3612 meurn
1410 3539 1537 3616 statum
1557 3565 1637 3617 curn
1654 3543 1710 3616 lae·

422 3669 425 3676 .
561 3620 689 3697 tiffimo
708 3629 999 3704 commutaverit:
1025 3630 1115 3703 tanti
1137 3631 1302 3706 beneficii
1319 3630 1417 3708 sensu
1431 3651 1502 3711 tam
1520 3641 1637 3714 vivide
1652 3638 1709 3713 ad·

447 3737 450 3744 ’
541 3715 674 3833 ‘sessus
690 3718 784 3830 sum,
810 3741 871 3813 ut,
895 3725 1046 3808 amantis
1059 3724 1184 3814 instar,
1201 3729 1411 3805 tenerrimos
1429 3736 1556 3833 amoris
1569 3754 1709 3825 motus,
1825 3761 1832 3772 ·

503 3867 506 3872 -
563 3816 597 3889 δι
619 3813 778 3904 effluvta,
805 3821 1070 3911 persentiscam,
1095 3823 1240 3899 &totus
1254 3824 1291 3898 in
1306 3828 1517 3919 amoresrm,
1533 3831 1602 3904 Dei
1618 3835 1711 3907 cele·

561 3911 686 3990 brandi
708 3912 741 3991 dt
765 3913 926 4010 colendi,
950 3920 1180 4036 omniumque
1194 3919 1368 4024 flagrantis
1384 3927 1560 4005 charitatis
1575 3928 1708 4006 officio

729 4075 732 4086 ,
794 4077 806 4099 ,
1627 4047 1709 4104 rum
