3984 5159
418 577 423 592 '
534 607 607 664 au
682 581 1049 676 P*S,ALM.
1123 581 1346 688 exvaa
1453 621 1523 700 105

354 805 425 881 que
455 785 605 859 eandem
634 780 828 873 miseriam,
867 779 1007 855 easdem
1030 769 1158 858 mortis
1175 785 1364 883 angustias,
1398 787 1515 866 offen·
1583 818 1587 822 ·

244 953 248 960 .
354 887 461 970 darn,
496 886 656 975 adeoque
690 901 858 972 nusquam
892 879 1101 974 refugium,
1148 899 1317 977 nusquam
1348 885 1512 978 solatium

354 979 391 1053 dc
417 981 573 1065 exitum,
597 977 778 1069 reperiam.
830 974 1511 1076 Transfertsese-intempuspraeteritae

354 1077 584 1162 calamitatis,
609 1073 817 1166 &querulas
832 1071 905 1146 suas
922 1089 1053 1158 voces,
1077 1088 1165 1145 tunc
1180 1074 1342 1164 emilla's,
1360 1080 1487 1153 recitat
1495 1103 1514 1167 ς,

315 1183 320 1194 '
355 1175 577 1264 quibuscum
592 1171 738 1263 praesens
754 1171 877 1243 mortis
893 1169 1113 1261 periculum,
1130 1176 1212 1244 tum
1224 1169 1508 1266 desperationem

252 1283 256 1288 '
355 1274 491 1355 exitus,
511 1267 788 1360 repraesentabat.
839 1264 920 1339 Aen
935 1265 1145 1342 haberetur:
1178 1268 1250 1342 dixi
1269 1282 1355 1344 tunc
1372 1286 1509 1365 tempo·

353 1368 400 1438 ris
414 1365 578 1458 querulus
603 1364 866 1449 delementum,
892 1360 1004 1436 aslum
1019 1359 1070 1434 est
1083 1362 1129 1435 de
1144 1386 1224 1454 mea
1249 1369 1404 1461 aquaead
1418 1367 1506 1444 sum·

352 1484 450 1537 mum
471 1464 711 1558 perngerum,
737 1462 770 1530 dt
795 1479 963 1552 nusquam
985 1460 1143 1552 reperire
1160 1479 1290 1554 potero
1307 1463 1506 1562 refugium}

354 1561 482 1652 ubique
506 1577 709 1632 moerorem
731 1557 765 1630 be
785 1555 955 1652 anguillas
978 1553 1197 1647 offensurus,
1224 1579 1296 1651 quo
1309 1582 1368 1634 me
1386 1563 1506 1634 verte·

352 1677 405 1731 ro.
457 1657 592 1730 indicat
604 1655 696 1746 apud
712 1651 745 1726 se
763 1673 836 1725 non
854 1669 1013 1741 tantum,
1037 1651 1097 1725 sed
1112 1656 1241 1748 ubique
1256 1656 1397 1733 easdem
1412 1679 1504 1754 gras·

352 1753 417 1827 sari
442 1753 668 1828 calamitates.
718 1747 868 1837 Phrasrs,
902 1754 1069 1822 inueniam
1093 1751 1298 1846 angustiam,
1330 1752 1382 1827 est
1407 1754 1506 1848 ellip.

352 1851 445 1939 tica,
458 1851 504 1924 5&
517 1851 623 1944 plene
639 1847 744 1936 dicit,
769 1867 951 1941 querelaque
964 1869 1013 1918 me
1028 1861 1156 1919 sertem
1171 1855 1363 1938 inveniam,
1386 1853 1504 1947 ulique

350 1952 539 2022 inueniam:
566 1944 661 2037 quod
677 1966 721 2019 ex
734 1945 848 2016 verbo
863 1946 1013 2016 inuenire
1028 1942 1132 2017 facile
1146 1942 1217 2018 sese
1241 1943 1362 2021 offert.

225 2123 228 2130 ,
334 2102 336 2108 .
399 2047 431 2134 §.
458 2041 539 2116 XV.
564 2041 650 2140 Quo
671 2042 709 2113 in
728 2038 818 2113 statu
836 2038 985 2133 positum
1002 2039 1044 2112 ad
1060 2040 1233 2134 Jehovarn
1250 2045 1415 2136 precibus
1429 2042 1502 2118 sese

351 2140 547 2238 confugisse
574 2139 748 2225 declarat,
784 2134 876 2210 vers.
900 2160 934 2227 4.
962 2134 1012 2208 Et
1032 2161 1145 2211 nomen
1170 2136 1308 2237 Jebeae
1328 2143 1502 2214 meumes

352 2238 473 2333 queste,
500 2233 654 2332 Jelaoua,
680 2240 765 2328 eripe
786 2239 1070 2306 aumamneam!
1095 2227 1246 2325 Nomen,
1271 2237 1332 2309 vel
1348 2242 1503 2311 innomi-

352 2357 391 2410 ne
422 2330 570 2431 Jebeuae
590 2337 761 2414 inuocare,
793 2331 926 2422 majore
949 2331 1059 2422 pollet
1080 2333 1253 2424 emphasr,
1278 2356 1383 2424 quam
1405 2340 1501 2431 inuef
1600 2420 1603 2427 Ι

231 2495 237 2508 .
350 2455 423 2506 care
455 2426 633 2526 Jelevam:
668 2423 836 2523 significat
858 2426 974 2511 enim,
995 2426 1162 2502 auxilium
1185 2429 1220 2501 a
1239 2449 1347 2522 opem
1371 2429 1438 2500 Dei
1462 2435 1501 2503 in

348 2533 475 2602 nemine
498 2522 668 2625 Jelrouue,
702 2546 748 2597 eo
769 2527 896 2595 nemine
916 2523 1112 2617 adpellato,
1145 2522 1180 2596 dt
1200 2523 1244 2596 ad
1267 2525 1355 2596 illud
1368 2547 1502 2618 provo.

347 2626 482 2711 cando,
507 2622 714 2716 implorare;
739 2621 849 2693 itaut
872 2619 982 2705 ratio,
1015 2639 1090 2711 quae
1105 2619 1282 2695 Deumad
1296 2619 1499 2697 succurren·
1547 2657 1551 2666 ·

348 2725 432 2808 dum
455 2735 622 2805 moveat,
657 2719 708 2790 ab
723 2715 798 2808 ipso
812 2717 873 2788 illo
888 2717 1034 2788 nomine
1046 2732 1197 2808 petatur.
1247 2716 1310 2790 Est
1323 2719 1419 2793 enim
1433 2741 1498 2793 no·
1610 2781 1618 2799 χ

348 2841 433 2894 men
454 2817 525 2888 Dei
548 2815 665 2887 lraelis
686 2813 911 2898 memoriale,
937 2833 1010 2906 quo
1032 2810 1103 2886 sese
1123 2813 1167 2886 ad
1181 2813 1345 2909 promissa
1360 2815 1497 2910 populo

347 2909 630 3005 sadarimplenda
643 2907 848 2996 obstrinxit,
865 2911 900 2980 dt
916 2915 1092 2982 velamem
1105 2932 1147 2984 ac
1162 2917 1306 3007 gretiam
1325 2911 1419 2987 suam
1434 2912 1499 2990 ob.-

345 3009 503 3109 srgnavit.
553 3005 752 3081 inclamasse
770 3007 807 3078 'se
827 3007 902 3077 haec
926 3007 963 3081 in
988 3007 1320 3103 verbadicitz'puae
1335 3033 1370 3097 o,
1397 3005 1500 3106 Jeho·

344 3132 418 3195 ua,
444 3112 528 3201 eripe
542 3110 684 3178 animun
697 3125 819 3190 meam,
835 3124 909 3177 non
923 3116 964 3175 ut
979 3102 1058 3196 post
1068 3119 1224 3180 mortem
1243 3104 1285 3178 sit
1313 3106 1410 3192 alva,
1436 3104 1497 3178 sed
1630 3109 1635 3119 '

345 3229 391 3282 ne
400 3220 524 3279 morte
537 3203 746 3294 abripiatur,
762 3199 920 3292 adeoque
935 3201 1008 3292 ipse
1021 3202 1130 3275 morti
1144 3201 1351 3276 violentae&
1366 3201 1493 3276 intem·

344 3301 488 3398 pestivae
503 3321 575 3374 uon
590 3297 803 3371 succumbat.
853 3295 968 3395 Quod
978 3317 1023 3370 ex
1038 3297 1167 3389 phrasi,
1192 3297 1276 3372 &se
1304 3353 1313 3371 .
1330 3299 1493 3372 oratione

321 3393 478 3475 ¹clarum
501 3395 564 3469 est.
612 3393 693 3466 Nec
714 3393 785 3466 hoc
807 3390 940 3482 solum,
968 3392 1026 3466 sed
1048 3395 1244 3476 metu&
1273 3322 1495 3470 lqolicitudine

346 3495 612 3579 liberationem,
645 3490 804 3583 adeoque
820 3489 1027 3562 aemulante
1040 3491 1216 3584 grassantis
1230 3493 1368 3584 plenam
1383 3493 1496 3568 aboli.

344 3595 500 3677 tionem,
525 3588 621 3663 fimul
636 3586 819 3680 implorat;
846 3607 892 3659 ne
908 3585 1092 3682 angustiam
1110 3585 1335 3670 &monerem
1348 3590 1496 3682 amplius

345 3693 515 3767 inueniat:
540 3689 594 3760 uti
614 3684 722 3758 modo
747 3683 958 3778 conquestus
978 3681 1107 3759 suerat.
1165 3681 1333 3758 Ceterum
1352 3686 1441 3759 banc
1455 3689 1495 3764 in

344 3791 499 3865 formam
521 3783 581 3854 ubi
601 3781 634 3856 se
660 3779 860 3875 supplicasse
882 3778 1051 3870 testatur3
1083 3782 1118 3853 se
1131 3784 1268 3875 querelis
1291 3781 1325 3855 a
1347 3787 1492 3856 elamori-

295 3889 299 3898 '
346 3891 403 3960 bus
420 3901 493 3957 non
509 3878 608 3951 fuisse
624 3894 856 3962 contentum,
870 3877 929 3952 sed
944 3874 1111 3972 sisenna·
1125 3877 1160 3950 dt
1174 3881 1328 3971 pietatis,
1352 3902 1492 3972 quoque

348 3983 439 4078 signa
458 3981 494 4050 in
515 3973 638 4050 mediis
650 3972 914 4050 'adffiutonibus
928 3973 1078 4063 dedisse,
1102 3973 1276 4052 Divinum
1290 3975 1413 4052 &non
1430 3977 1492 4053 hu·

349 4097 491 4155 uranum
507 4069 1150 4185 auxilium‘imploraudo,'s1gofficat'
1221 4169 1353 4264 §XVI
1389 4175 1416 4264 β
1443 4171 1468 4245 S
1495 4133 1504 4144 .

686 4228 693 4244 κ
1245 4225 1254 4247 ο
1355 4227 1364 4249 e
1417 4225 1435 4290 e·
1468 4196 1497 4250 θ’
