3984 5159
521 515 608 588 aru
668 507 697 586 P
744 507 852 586 S·A
899 502 936 582 L
979 509 1037 587 M.
1078 507 1284 590 ''CXVIL
1334 576 1337 582 ,
1409 539 1531 615 117¹

206 691 213 700 ’
315 691 528 795 dignificent,
553 705 594 768 ut
598 689 700 789 super
715 695 804 768 nolis
825 689 893 784 fit,
917 693 952 768 dc
978 698 1090 784 volis,
1112 718 1202 790 quos
1225 695 1494 786 exhortamur,
1571 765 1574 769 J

316 793 505 880 danobis,
535 791 707 871 inunum
742 811 893 884 corpus,
931 791 991 863 vel
1016 791 1230 885 Ecclefiam,
1253 795 1471 870 coadunatis.

314 889 423 989 Quod
444 887 616 984 posterius
637 889 723 962 licet
749 887 790 962 fit
820 889 962 975 verius,
1005 886 1040 961 &
1062 909 1143 962 cum
1165 912 1204 962 re
1228 890 1300 984 ipsa
1322 892 1472 981 conjun·

315 986 422 1076 attus,
447 984 616 1084 struitura
636 999 754 1059 umen
776 984 947 1059 orationis
969 983 1005 1056 &
1019 985 1147 1079 phrasn
1164 987 1279 1062 minus
1294 989 1471 1077 admittit,

313 1087 395 1177 quia
416 1083 512 1157 nulla
530 1081 622 1155 ratio
644 1080 763 1172 foret,
789 1102 896 1176 quare
909 1078 1114 1176 supernatis
1128 1085 1267 1175 potius,
1292 1107 1396 1179 quam
1410 1083 1470 1177 su·

309 1187 374 1278 per
389 1183 500 1268 vobis,
524 1193 565 1253 ut
579 1179 776 1278 debebant,
802 1178 963 1253 dixerint.
1014 1177 1188 1254 Rationem
1202 1181 1245 1253 ad
1262 1180 1381 1256 Deum
1397 1184 1469 1256 lau·

313 1275 470 1351 dandum
489 1291 693 1352 moventem
717 1273 741 1348 sr
760 1277 871 1350 verba
892 1275 1119 1364 contineant,
1151 1280 1260 1352 verba
1273 1278 1379 1361 alium
1392 1300 1469 1355 non

206 1428 209 1437 .
314 1375 506 1448 admittunt
518 1371 676 1461 sensum,
695 1395 735 1446 ae
749 1369 984 1462 beneficium,
999 1371 1357 1465 Judaeisconceffum,
1371 1374 1467 1450 Gen·

278 1527 283 1534 .
315 1483 370 1544 tes
384 1469 482 1546 fimul
498 1467 720 1546 exstimulata
737 1467 867 1543 debere
883 1471 927 1544 ad
939 1468 1060 1545 Deum
1076 1470 1338 1546 celebrandum.
1354 1470 1484 1570 Quod·

314 1568 380 1642 alia
404 1568 542 1642 ratione
565 1567 729 1657 explicari
754 1567 902 1660 nequit,
940 1567 1003 1641 nili
1022 1564 1236 1644 beneficium
1256 1568 1299 1641 ad
1325 1569 1465 1644 Gentes

292 1677 456 1758 ‘quoque
489 1662 670 1758 pertinens
702 1665 814 1742 intelli
838 1679 941 1738 atur:
975 1663 1073 1754 cujus
1101 1680 1220 1740 tamen
1241 1666 1394 1754 clarum,
1428 1664 1480 1742 dt.

313 1760 506 1847 directum,
523 1783 597 1834 non
614 1758 713 1834 foret
727 1761 763 1833 in
777 1687 1026 1835 Plgindicium:
1053 1760 1149 1854 quod
1163 1760 1277 1835 abeile
1291 1784 1366 1837 non
1382 1781 1463 1854 pos·

262 1856 267 1870 “
307 1855 363 1932 fit.
414 1855 553 1930 Redlius
574 1860 690 1949 itaque
719 1857 943 1930 materiam&
968 1861 1068 1930 verda
1085 1857 1293 1932 laudationis
1315 1857 1405 1932 vers.
1424 1878 1459 1932 a.

306 1954 562 2049 comprehendi
589 1951 771 2029 statuimus
782 1960 803 2042 3'
820 1955 946 2048 quibus
968 1954 1105 2027 Gentes
1127 1955 1162 2029 de
1183 1955 1348 2031 nationes,
1365 1957 1459 2028 dice·
1506 2023 1519 2034 ,,

216 2083 221 2092 ’
305 2067 417 2150 rent,
449 2052 592 2124 exundat
605 2048 707 2220 suffer
729 2054 817 2124 mles
836 2054 948 2147 gratia
971 2052 1040 2145 ejus
1064 2049 1132 2124 dcc.
1188 2050 1298 2150 Quod
1320 2052 1457 2128 facilius

223 2223 229 2246 .
306 2144 389 2232 fiet,
415 2148 450 2220 δι
471 2147 619 2233 clarius,
691 2143 815 2241 ellipsts
837 2149 936 2222 verbi
950 2149 1053 2220 dicere
1074 2149 1301 2237 admittatur;
1327 2151 1392 2224 hac
1407 2166 1466 2224 ra·'

306 2247 422 2318 tione.
470 2243 625 2319 Laudate
650 2241 816 2340 Jehovmn
840 2267 946 2318 omnes
968 2243 1089 2324 Gentes
1103 2245 1137 2318 ἃ
1150 2251 1316 2332 nationes,
1336 2246 1456 2325 dicen·

266 2393 270 2399 -
306 2341 374 2426 d0,
399 2340 460 2412 vel
478 2341 514 2414 in
528 2342 618 2414 hanc
633 2322 857 2428 formulanss
870 2341 1013 2414 exundat
1029 2336 1125 2433 super
1137 2345 1226 2418 nolis
1239 2348 1353 2434 gratia
1389 2348 1456 2435 m,

304 2439 340 2518 de
355 2444 480 2511 veritat
496 2433 643 2536 Jedavae
657 2439 693 2510 iti
707 2451 862 2510 eternum
871 2463 886 2526 ,·
901 2437 1003 2532 plane
1017 2455 1057 2508 ut
1072 2432 1121 2509 Ps.
1132 2457 1267 2510 cxvrtr:
1281 2458 1340 2515 a··.
1365 2369 1469 2538 dicat

301 2559 390 2612 muna
411 2531 537 2624 Israel,
569 2540 646 2631 quia
673 2540 709 2607 in
733 2549 901 2607 aeternum
921 2537 1106 2627 benignitas
1128 2534 1223 2627 ejus,
1254 2531 1289 2606 h.
1312 2554 1343 2605 e.
1359 2536 1475 2612 dicat,

301 2633 337 2708 dt
356 2647 460 2708 canat
478 2633 514 2707 in
534 2633 610 2708 haec
627 2629 756 2718 verba,
782 2635 819 2704 in
832 2644 999 2706 aeternum
1013 2631 1197 2726 benignitas
1211 2630 1280 2726 ejus
1293 2630 1360 2709 dte.
1393 2633 1453 2708 De

273 2733 284 2796 .'
305 2751 377 2822 quo
396 2733 625 2814 mortiterum
646 2730 815 2806 monebo.

321 2831 385 2917 ·-§.
406 2825 447 2898 ll.
474 2825 667 2922 Admetum
681 2827 877 2928 argumenti
892 2825 1118 2924 conspectum
1130 2826 1238 2918 facit,
1262 2849 1294 2904 r.
1311 2825 1452 2922 Judaeos

246 2951 250 2963 “
300 2943 377 3000 non
399 2938 558 3013 tantum,
584 2921 642 2998 sed
663 2925 695 2998 dr
717 2941 848 3022 gentes,
874 2946 1004 3018 easque
1022 2926 1220 3019 precipue,
1245 2927 1390 3000 excitari
1406 2926 1452 3000 ad

297 3022 419 3098 Deum
441 3020 708 3112 celebrandum,
740 3042 807 3116 per
827 3039 946 3096 totum
960 3036 1134 3098 terrarum
1147 3023 1289 3098 orbem.
1336 3021 1449 3119 Quod

181 3149 184 3154 ¹
296 3140 341 3194 err
364 3139 455 3192 voce
477 3145 532 3195 nm
550 3133 681 3214 gentes,
707 3117 740 3190 dt
763 3117 896 3211 phrasi,
926 3137 1033 3192 amnes
1046 3134 1178 3215 gentes,
1201 3115 1447 3209 manifestum,

293 3215 520 3312 &vulgatum
542 3214 604 3289 est.
634 3238 667 3290 a.
683 3218 916 3312 benignitatem
934 3215 1024 3306 Dei,
1050 3237 1124 3291 non
1141 3216 1447 3308 qualemcunque,

294 3313 556 3408 &quocunque
572 3311 703 3399 modo,
717 3309 775 3386 sed
790 3313 997 3410 srngularern
1011 3313 1045 3386 dr
1057 3313 1194 3388 summo
1209 3312 1340 3410 gradu,
1360 3309 1447 3386 Gen·

290 3413 377 3482 ellus
395 3409 465 3484 elle
480 3409 736 3486 manifestatam
754 3409 1020 3502 &cautellam
1043 3410 1095 3484 ita
1109 3425 1150 3483 ut
1160 3405 1460 3502 dicere,poffint,.

285 3513 400 3602 gratia
415 3508 483 3583 Det·
491 3505 593 3603 super
608 3510 696 3582 nelis
710 3511 874 3584 extimat.
925 3505 979 3580 Ex
995 3528 1068 3599 quo
1086 3504 1271 3592 elucescit,
1287 3525 1369 3580 *non
1384 3525 1459 3604 ge-¹

284 3604 443 3690 rteralia,
470 3629 558 3699 „quae
586 3605 749 3682 omnibus
771 3627 836 3699 per
859 3604 1060 3702 generalem
1085 3601 1439 3694 Deiprovidentiam

282 3703 517 3798 contingunt,
547 3701 608 3776 sed
631 3700 809 3794 specialia,
850 3725 928 3797 quae
947 3701 992 3775 de
1013 3698 1177 3866 fingulari
1194 3698 1261 3771 Dei
1278 3701 1387 3797 gratia
1401 3702 1439 3778 dt

279 3795 407 3873 favore
427 3821 510 3897 erga
532 3815 737 3893 peccatores
761 3797 950 3884 testantur,
981 3797 1069 3874 intel
1085 3796 1131 3892 igi
1154 3797 1261 3870 bona.
1313 3819 1346 3889 3.
1371 3797 1437 3870 Be·
1544 3849 1547 3854 -

256 3897 486 3992 nignitatenr
500 3897 538 3970 in
552 3897 686 3972 Gentes
699 3899 863 3974 collatam
879 3897 1075 3993 indigitari,
1103 3914 1208 3985 quana
1230 3895 1328 3968 Deus
1344 3896 1433 3972 olim
1490 3967 1494 3972 ,

276 3993 502 4092 promiserat,
527 3995 787 4093 adeoquequa
806 3999 972 4168 vffsimi’
1006 3989 1069 4072 seu
1088 3998 1271 4070 edacitati
1293 3989 1434 4166 Dffie·

882 4113 910 4190 3·
1185 4121 1189 4136 ’
1402 4110 1442 4164 0·
