3984 5159
466 467 553 575 'an
625 492 724 588 us
774 493 809 570 a
857 491 889 570 u
936 493 1002 573 ta:
1069 469 1266 571 cxv'm.
1322 494 1326 502 ·
1387 445 1455 592 us
1509 524 1515 534 ,

187 723 192 732 ·
289 657 544 785 preceperant,
601 679 822 782 Quotendit
841 677 1043 772 pericopa,
1078 679 1169 754 vers.
1194 699 1294 772 7--.
1344 705 1380 772 y.
1405 672 1456 748 Si-

291 809 378 862 mon
413 802 554 876 quoque
585 783 718 873 primus
750 777 820 852 fuit
849 776 1166 866 Maccabaenrum,
1214 777 1273 868 qui
1296 772 1456 848 stabilem

289 884 324 956 ἃ
355 879 608 956 haereditariam
637 879 802 969 accepit,
844 873 979 946 solenni
1010 875 1135 965 populi
1154 871 1333 958 decreto,
1366 870 1454 944 Eth-

292 980 478 1056 narcbatus
506 976 541 1048 u
573 969 801 1048 Pontificatus
825 969 1044 1064 dignitatem.
1102 967 1210 1067 Quod
1231 970 1386 1047 omnino·
1400 989 1461 1040 re-

294 1078 402 1172 quirit
431 1074 605 1146 emblema
624 1073 753 1167 lapidir
782 1071 984 1162 angularis,
1008 1065 1120 1141 vers.
1150 1087 1206 1139 aa.
1264 1073 1296 1140 l.
1332 1067 1455 1140 timon

292 1175 446 1262 denique
476 1169 607 1262 primus
633 1169 665 1242 bt
690 1166 782 1241 sulm
810 1163 907 1251 fuit,
941 1164 1000 1258 qui
1021 1161 1214 1238 solenniter
1236 1162 1305 1239 fuit
1325 1161 1455 1236 dux&

293 1268 465 1346 Pontifex
484 1263 613 1342 eteuus
634 1265 924 1358 &inauguratum
948 1263 1047 1352 cujus
1062 1257 1282 1353 [mennitatir
1301 1257 1456 1332 celebra

294 1372 436 1444 tionem
459 1366 526 1436 boc
551 1379 727 1436 canticum
747 1359 1032 1452 comprehendit.
1082 1358 1155 1532 (qui
1180 1359 1353 1454 genuina,
1380 1357 1456 1447 ejus

298 1463 352 1541 est
380 1459 615 1558 conspeslus:
654 1475 694 1536 ut
721 1479 767 1536 ex
798 1453 891 1533 vers.
919 1477 975 1534 22.
999 1456 1066 1534 &a
1126 1455 1193 1532 aud
1219 1457 1367 1555 obscure
1400 1475 1457 1549 pa·

303 1577 370 1639 tet.
978 1589 981 1594 ·

351 1665 383 1750 ᾗ.
398 1655 479 1734 Vll.
506 1657 561 1734 Ex
590 1681 661 1754 quo
695 1659 744 1734 de·
764 1656 861 1756 scopo
883 1657 1012 1736 cantici
1041 1657 1148 1736 facile
1187 1656 1337 1736 constat.
1401 1653 1466 1733 Eo*

220 1814 224 1826 r
298 1757 403 1833 fulrse
433 1779 574 1831 carmen
604 1759 674 1830 hoc
702 1757 936 1832 laudatorium
966 1758 1291 1856 &gratulatorium
1313 1755 1460 1830 destina·

218 1942 223 1951 ¹
299 1871 408 1942 tum,
442 1855 526 1928 mihi
546 1855 738 1948 ’plusquam
761 1855 942 1949 probabile
965 1852 1035 1944 fit,
1068 1875 1108 1928 ut
1145 1854 1279 1928 solenni
1301 1854 1336 1926 ἃ
1358 1854 1460 1926 laetis·

299 1953 394 2026 iirnae
418 1951 587 2041 simonie,
618 1971 783 2046 tanquam
805 1951 1016 2027 Ethnarchae
1037 1953 1071 2024 δι
1093 1949 1273 2026 Pontificis
1296 1947 1460 2042 perpetui

146 2061 150 2078 '
205 2083 214 2092 ·
303 2041 569 2126 &lraere'ditarii
584 2097 611 2138 ,‚
629 2049 688 2143 qui
709 2071 798 2142 opus
821 2050 1038 2124 liberationis
1055 2071 1139 2123 curn
1161 2049 1326 2122 fratribus
1340 2047 1467 2138 incep-

306 2161 388 2220 tum
408 2146 637 2236 perfecerat,
667 2147 954 2242 inaugurationi,
985 2146 1042 2218 die
1065 2145 1166 2219 festo·
1183 2143 1260 2239 post
1279 2165 1395 2218 acram
1418 2143 1470 2215 ab

306 2239 467 2318 hostibus
497 2244 706 2330 liberatam,
740 2245 864 2318 omnia
880 2242 1064 2316 sacrorum
1080 2242 1332 2336 impedimenta
1352 2239 1464 2313 subla·

287 2354 367 2424 -ta,
401 2340 493 2412 inter
512 2341 670 2434 publicos
686 2339 849 2436 plausus,
886 2339 919 2411 a
941 2335 1167 2433 procelliunis
1186 2338 1229 2411 ad
1250 2338 1395 2411 modum
1415 2335 1465 2408 sa

308 2435 472 2525 ciendae,
511 2434 721 2525 inserviret,
760 2458 875 2530 eoque
906 2434 1043 2510 solenni
1062 2433 1145 2506 astu
1163 2435 1302 2528 publice
1326 2431 1463 2506 accine-
1499 2488 1510 2506 .

307 2553 421 2611 tetur.
482 2531 571 2606 Pace
598 2533 764 2609 nimirum
796 2534 830 2606 &
861 2534 1025 2605 libertate
1054 2531 1199 2624 reip&
1222 2526 1463 2604 Ecclellaefira

307 2647 428 2717 urata,
461 2627 630 2719 ituree,
657 2653 740 2724 quae
757 2629 919 2722 Templo·
932 2629 1141 2702 imminebat
1154 2679 1172 2716 ,
1197 2625 1463 2716 &infestabam

309 2749 388 2799 arra
419 2723 535 2813 diua,
577 2749 679 2818 quam
701 2728 889 2820 hueusque
907 2724 1024 2802 hostes
1046 2741 1265 2810 tenuerant,
1301 2726 1339 2799 in
1364 2739 1465 2819 pote·-

310 2821 434 2898 statem
457 2819 620 2908 redafla3
655 2825 755 2917 quod·
771 2823 943 2899 summum
968 2822 1180 2899 beneficium
1195 2820 1386 2915 festivitate
1401 2843 1472 2916 pu.»

310 2920 403 2994 blica
432 2918 616 2992 celebrare
632 2918 883 3008 instituerunt,
918 2920 1029 2994 Simon
1050 2944 1134 2995 mox
1155 2937 1351 3014 perpetuus
1378 2917 1466 2992 urn-

311 3015 446 3092 narcha
481 3015 514 3088 δι
551 3015 717 3090 Pontifex
742 3015 872 3092 elesius
901 3017 936 3092 δι
962 3015 1189 3115 inauguratus
1216 3016 1267 3090 est
1282 3039 1304 3104 ς.
1337 3031 1378 3088 ut
1417 3035 1470 3087 ext

316 3113 463 3190 1Macc.
488 3134 561 3187 xlv.
585 3129 695 3207 patet.
787 3137 838 3189 uua
859 3114 1080 3210 inauguratio
1101 3138 1177 3203 eo,
1210 3115 1303 3188 inter
1323 3111 1388 3184 alia
1412 3112 1473 3183 lae-

315 3212 404 3286 titiae
430 3207 557 3305 figna,
595 3211 755 3284 modos
806 3211 1024 3304 evidetur,
1069 3228 1112 3287 ut
1138 3213 1289 3300 Simon,
1336 3231 1370 3282 m
1415 3229 1466 3282 nu

314 3306 571 3408 Chalidaeorum
604 3309 776 3384 comitatu
802 3308 972 3402 stipatus,
1006 3313 1101 3384 inter
1120 3308 1280 3405 publicos
1303 3307 1381 3398 plau
1398 3308 1476 3393 us,
1553 3311 1558 3322 '

316 3402 547 3498 processionis
578 3403 625 3476 ad
648 3406 793 3482 modurn
807 3455 832 3502 ,Α
862 3408 905 3480 ad
925 3405 1117 3499 Templum
1145 3404 1254 3477 suerit
1276 3399 1442 3477 deduuus
1456 3449 1478 3490 ,1
1497 3425 1502 3434 ·

321 3499 567 3576 &solenniter
590 3500 837 3591 introduflust
869 3503 937 3578 hoc
955 3501 1224 3596 ipso-cantico,
1259 3502 1295 3572 in
1316 3521 1393 3574 rem
1414 3499 1472 3572 ad·-

324 3595 642 3672 commodatisstmo
659 3649 675 3687 ,.
711 3601 856 3695 abipso
886 3602 925 3676 tc
943 3600 1015 3674 aliis
1038 3613 1192 3673 cantator
1243 3595 1336 3696 Quo·
1350 3597 1474 3670 ultima

220 3733 222 3738 ·
323 3699 493 3789 pericopa
523 3693 613 3768 vers.
637 3717 693 3769 na.
729 3698 795 3772 bre.
811 3721 875 3772 nos
898 3695 1080 3774 manifeste
1105 3694 1213 3769 ducit.
1243 3693 1355 3776 ,Cum
1380 3695 1483 3769 enim-

327 3790 399 3884 ipse
430 3794 554 3863 omnes
575 3791 619 3863 ad
640 3792 759 3870 Deum
779 3796 987 3872 laudandum
1012 3791 1218 3882 excitasset,
1250 3791 1285 3864 u
1308 3791 1487 3865 laudatio:-

329 3888 382 3960 nis
408 3888 589 3962 materiam
619 3893 863 3984 rationesque,
905 3891 1033 3986 suaque
1062 3895 1097 3967 δι
1125 3889 1273 3965 fratrum
1295 3889 1483 3975 facinora,

330 4003 399 4080 ape
427 3983 498 4078 Dei
524 3982 640 4080 faeta,
676 3989 891 4080 enarrasset,
910 3987 1048 4164 cqqrti'ca
1074 4011 1215 4114 quoque
1241 3985 1494 4158 justotreunqrmqitq

988 4109 1013 4181 3
1081 4118 1084 4122 ·
1495 4127 1499 4140 ι
