3984 5159
536 544 702 622 „134
806 500 1627 610 connumeratus

633 704 797 784 tentoriis
820 703 932 778 accini
953 715 1041 778 tunc
1060 697 1165 774 solita
1190 693 1442 787 memorasset,
1474 707 1613 791 portam
1627 692 1795 791 Templi,

633 824 698 896 per
726 825 828 898 quam
856 802 1023 899 ingredi,
1064 814 1106 872 ut
1136 796 1432 892 inauguraretur,
1464 793 1635 882 deberet,
1674 793 1734 868 srbi
1758 819 1796 870 a.

630 901 736 992 periri
771 903 874 994 petit.
908 955 912 962 .
937 901 1027 994 Quo
1063 894 1200 983 facto,
1222 893 1421 966 sacerdotes
1450 890 1651 964 &Levita
1677 891 1792 986 ipsum

513 1054 517 1060 .
631 998 786 1072 carmine
826 993 1058 1092 gratulatorio
1097 993 1132 1066 dt
1181 991 1428 1085 adprecatorio
1474 987 1650 1062 Hosannte
1695 993 1791 1064 esci.

518 1074 523 1101 ²
627 1098 757 1190 piunt,
801 1094 835 1166 dc
875 1094 913 1178 in
951 1092 1159 1188 dignitatem
1193 1088 1450 1175 introducunt,
1498 1083 1587 1160 vers.
1628 1105 1684 1161 η.
1718 1088 1789 1166 dcc.
1846 1177 1850 1180 ⁴

628 1192 699 1264 Hic
727 1189 923 1285 primus&
951 1187 1102 1263 direlius
1133 1184 1184 1260 est
1206 1186 1331 1282 scopus
1351 1185 1385 1258 u
1406 1184 1513 1273 usus,
1557 1203 1632 1258 nun
1665 1183 1786 1281 solus,

631 1309 735 1381 curn,
775 1306 817 1360 ut
848 1285 1108 1375 mordicum,
1146 1284 1295 1370 ulterius
1324 1281 1456 1378 speltet
1484 1283 1691 1373 canticum,
1738 1305 1786 1358 eo

532 1429 533 1432 π
629 1385 758 1459 ultimo
788 1385 1008 1475 collineant,
1053 1397 1093 1456 ut
1121 1383 1165 1456 ad
1194 1380 1383 1470 Mesfiam,
1427 1381 1574 1474 ejusque
1602 1379 1787 1458 solennem

630 1480 962 1580 inaugurationem,
1002 1503 1067 1576 per
1097 1480 1189 1554 hanc
1220 1477 1419 1574 expletam,
1459 1479 1701 1553 eveherentur
1728 1501 1788 1554 co·

627 1580 815 1677 gitationes
838 1580 989 1673 piorum.
1040 1577 1152 1677 Quod
1173 1597 1218 1650 ex
1240 1578 1311 1669 seq.
1333 1575 1461 1650 evadet
1474 1577 1613 1650 clarius.

677 1681 709 1766 §.
726 1674 823 1750 Vlll.
845 1675 1025 1760 Strudlura
1048 1675 1190 1767 poetica
1211 1673 1293 1748 huic
1314 1673 1501 1768 hypothesr
1519 1672 1618 1745 reete
1641 1695 1786 1772 respon·

495 1859 496 1864 g
622 1771 718 1862 det,
755 1774 789 1846 ἃ
815 1795 893 1851 eam
916 1771 1115 1848 confirmat.
1173 1771 1216 1846 ln
1238 1770 1379 1845 scenam
1399 1772 1493 1847 enim
1514 1771 1726 1864 producitur
1746 1777 1786 1848 il-

616 1869 740 1945 lustris
769 1869 949 1964 persona,
992 1890 1077 1943 cum
1098 1891 1230 1966 magno
1249 1867 1459 1965 &glorioso
1478 1871 1677 1958 comitatu,
1712 1893 1786 1948 car·

625 1990 711 2042 men
731 1967 923 2054 accinens,
949 1962 1148 2038 &illustria
1168 1965 1330 2039 facinora
1348 1965 1384 2040 in
1402 1966 1522 2040 laudes
1541 1967 1633 2054 Dei,
1661 1970 1784 2062 quibus

622 2063 796 2138 summam
816 2063 907 2136 hanc
931 2063 1140 2158 dignitatem
1161 2061 1254 2155 quali
1277 2079 1482 2152 meruerat,
1507 2061 1703 2150 extollens,
1728 2088 1782 2140 ea·
1814 2121 1819 2128 -

625 2181 695 2252 que
716 2160 855 2231 ratione
877 2157 921 2232 ad
940 2157 1136 2252 Templum
1163 2160 1336 2234 tendens:
1370 2161 1465 2254 quod
1488 2172 1572 2235 cum
1595 2160 1657 2235 srbi
1671 2165 1782 2258 aperi-

489 2310 493 2316 .
625 2258 655 2328 ri
685 2253 916 2350 postulasset,
960 2255 1161 2332 sacerdotes
1192 2255 1227 2329 u
1255 2256 1394 2333 Levitae
1418 2258 1694 2333 introducuntur
1719 2260 1782 2355 ipi

621 2353 816 2452 gratulari,
854 2355 890 2427 dt
922 2354 1055 2450 quaevis
1081 2352 1192 2428 fausta
1218 2354 1411 2448 adprecari,
1485 2353 1572 2430 Non
1596 2357 1692 2432 enim
1710 2379 1782 2433 una

623 2451 800 2545 persona,
838 2451 898 2526 sed
919 2453 1037 2546 plures
1058 2452 1095 2542 in
1117 2451 1256 2526 scenam
1279 2451 1460 2546 prodeunt
1480 2463 1674 2542 canentes,
1711 2456 1781 2549 pri·

618 2570 718 2624 mum
741 2547 812 2643 ipsa
834 2547 983 2644 persona
1005 2546 1172 2638 illustris,
1197 2549 1302 2637 dein,
1335 2547 1414 2641 post
1441 2550 1640 2625 orationem
1660 2552 1706 2624 ad
1732 2551 1780 2626 la·

619 2647 785 2720 cerdotes
808 2647 843 2719 dc
866 2647 1012 2718 levitas
1033 2644 1199 2736 versam,
1217 2661 1258 2721 ut
1278 2646 1414 2722 aditum
1436 2645 1498 2718 srbi
1518 2647 1561 2719 ad
1582 2647 1778 2746 Templum

345 2825 361 2840 ³
491 2733 517 2779 ·'
618 2741 809 2831 lacerent,
841 2739 901 2834 ipsr
927 2741 976 2813 illi
997 2743 1204 2839 dignitatem
1226 2745 1260 2814 ei
1281 2744 1495 2842 gratulantes
1516 2745 1583 2818 &c
1702 2775 1707 2786 1

669 2841 690 2928 §
716 2836 774 2911 lX.
802 2837 841 2911 ln
865 2838 947 2912 duas
969 2856 1085 2935 partes
1106 2841 1287 2937 generales
1308 2839 1384 2930 Ps,
1414 2841 1607 2926 secundum
1629 2841 1789 2940 duplicis

619 2935 760 3032 generis
783 2933 949 3032 personas
963 2936 1170 3031 mquemes,
1195 2935 1289 3009 reete
1309 2935 1497 3012 dividitur:
1524 2960 1670 3031 quamn
1679 2946 1776 3037 prior

618 3035 786 3109 continet
829 3034 1032 3110 orationem
1066 3031 1332 3110 eucharisticam
1362 3050 1401 3107 et
1427 3034 1682 3129 laudatoriam,
1728 3041 1775 3114 au

616 3129 738 3206 illustri
768 3131 858 3204 duce
890 3131 1090 3225 prolatam,
1122 3129 1216 3206 vers.
1241 3151 1393 3206 1-2r.-
1408 3129 1572 3224 Posterior
1592 3157 1682 3208 vero
1705 3134 1773 3210 ser·

616 3250 762 3304 monem
783 3228 1050 3326 gratulatorium
1067 3242 1107 3302 et
1125 3228 1437 3325 adprecatorium,
1469 3251 1543 3323 quo
1564 3230 1678 3305 sacrae
1693 3253 1774 3329 per.

616 3323 720 3424 sonae
741 3328 779 3402 in
801 3326 957 3421 Templo
978 3347 1062 3401 eum
1082 3328 1292 3423 excipiunt,
1324 3327 1415 3402 vers.
1432 3349 1626 3422 rau-27.
1650 3330 1772 3429 Quan-
1793 3381 1796 3387 ·

616 3423 665 3497 do
693 3425 746 3500 Pl.
776 3425 826 3500 ita
859 3423 1060 3514 clauditur,
1099 3440 1140 3502 ut
1168 3426 1379 3521 inceperat,
1419 3423 1508 3500 vers.
1538 3429 1598 3514 28,
1620 3449 1678 3524 29.
1727 3429 1771 3506 In

565 3575 571 3590 .
614 3526 850 3616 prioreparte
879 3519 1017 3596 illustris
1045 3521 1193 3618 persona
1249 3553 1283 3598 a.
1316 3543 1467 3611 omnes,
1510 3523 1546 3597 in
1564 3523 1769 3615 lsraelem,

616 3617 765 3691 domum
796 3620 947 3696 Aaronis
975 3634 1012 3695 et
1039 3623 1209 3695 timentes
1230 3619 1419 3712 Jehovae,
1452 3620 1603 3711 divisos,
1636 3624 1770 3700 excitat

600 3713 660 3786 sad
685 3719 1049 3808 carmcn'lolenne,
1076 3717 1171 3790 Deus
1204 3715 1250 3808 est
1283 3721 1381 3790 honus
1416 3729 1484 3793 etc.
1540 3720 1768 3811 canendum,
1883 3779 1887 3787 .

615 3809 706 3884 vers.
735 3832 854 3902 1-4.
911 3843 939 3891 a.
963 3813 1183 3888 Beneficium
1204 3812 1421 3889 liberationis
1440 3815 1695 3907 miraculosae,
1728 3819 1794 3902 in,

616 3919 734 3984 totum
763 3911 930 4006 populum
963 3911 1021 3986 sua
1046 3933 1156 4010 opera
1182 3925 1220 3984 et
1252 3911 1383 3986 virtute
1411 3935 1431 3984 a
1456 3910 1539 3986 Deo
1567 3916 1764 4009 collatum,

610 4041 644 4085 a.
670 4011 864 4107 proponit,
905 4032 999 4098 cum
1018 4011 1209 4115 porismate
1235 4009 1361 4086 morali
1387 4010 1432 4086 de
1449 4005 1585 4087 ¹⁸fiducia
1616 4013 1653 4087 in
1679 4012 1762 4183 ξω

767 4136 771 4146 ¹
1085 4178 1092 4192 ,
1284 4152 1289 4161 ·
1452 4151 1460 4168 ·
1717 4133 1763 4184 co
