3984 5159
544 611 619 671 tn
666 588 715 667 rs
764 588 801 665 n
850 586 882 665 u
928 586 986 667 nr.
1060 588 1331 686 cx1v21,2.
1388 590 1478 699 '⁶³

321 770 581 867 verbo,fadur
596 763 661 865 est,
678 773 764 846 latet
781 770 1009 862 involutum,
1027 770 1062 847 dt
1076 774 1267 853 veritatem
1282 794 1370 855 tunc
1386 796 1477 858 tem·

315 876 417 1043 foris
445 871 586 947 habuit:
635 870 689 942 uti
722 886 849 944 notum
881 866 943 945 est.
1001 869 1226 949 Memoratur
1254 897 1345 950 vero
1364 881 1474 952 exitur

339 974 453 1044 sraelis
478 990 524 1043 ex
543 966 732 1060 Aegypto,
760 966 888 1059 partim
908 980 1074 1061 tanquam
1096 968 1267 1067 singulare
1282 972 1354 1048 Dei
1366 975 1474 1050 bene·

317 1065 457 1155 ficium,
484 1086 557 1158 quo
579 1062 751 1155 populum
777 1062 925 1139 allorum
952 1064 1113 1141 dominio
1140 1085 1305 1164 ereptum
1328 1070 1391 1149 fibi
1411 1071 1472 1149 ad·

313 1164 447 1251 seruit,
473 1163 506 1235 &
531 1158 630 1234 suurn
653 1156 722 1231 else
744 1160 884 1253 publice
907 1161 1122 1255 declaravit,
1156 1169 1285 1258 partim
1303 1180 1469 1263 tanquam

318 1260 523 1356 requisitum
537 1256 770 1347 antecedens,
784 1258 882 1350 quod
900 1277 982 1339 ante
1002 1262 1039 1335 in
1057 1264 1194 1357 populo
1210 1262 1280 1337 effe
1298 1264 1471 1363 debebat,

317 1381 424 1454 quam
436 1352 570 1453 sanlius
592 1354 663 1429 Dei
685 1356 835 1451 populus
857 1354 1106 1433 &dominium
1119 1358 1329 1437 effeufieri
1342 1362 1469 1461 posset.

192 1492 195 1497 ·
312 1454 495 1556 Quamdiu
522 1450 707 1549 Aegyptiis
732 1454 926 1547 permixtus
953 1454 986 1527 dt
1009 1452 1182 1549 ubjettus
1204 1472 1302 1548 erat,
1335 1460 1380 1535 ad
1398 1454 1471 1541 hoc

318 1552 541 1650 privilegium
563 1552 704 1645 ineptus
724 1563 819 1625 erat:
852 1564 893 1625 ut
911 1548 1016 1625 facile
1040 1567 1149 1645 patet.
1197 1555 1267 1630 Sed
1281 1554 1379 1632 srmul
1393 1557 1473 1633 infi-

314 1667 466 1737 nuatur,
490 1648 661 1742 populum
685 1647 817 1722 virtute
841 1647 1018 1745 privilegii
1034 1648 1084 1725 sui
1098 1672 1261 1727 accurare
1276 1652 1470 1747 abstinere,

317 1751 351 1823 dt
372 1748 434 1822 fibi
456 1746 592 1821 solicite
608 1765 757 1837 cavere,
771 1746 814 1821 ab
829 1747 928 1821 omni
946 1749 1168 1821 commercio
1185 1771 1268 1825 cum
1284 1750 1470 1847 Aegyptiis

310 1848 353 1923 dr
366 1844 591 1941 alienigenis,
616 1864 683 1917 nec
700 1841 788 1917 ritus
802 1841 836 1915 dt
850 1863 966 1919 mores
983 1865 1108 1926 eorum
1122 1844 1274 1937 imitari,
1299 1847 1444 1925 debere.

368 1941 478 2034 §.XL
504 1939 603 2015 Nihil
622 1941 680 2013 hic
705 1937 843 2013 difficile
865 1938 930 2014 nisr
950 1940 987 2015 in
1010 1940 1134 2030 titulo,
1165 1964 1272 2035 quem
1298 1946 1472 2021 lurlaruur

315 2056 458 2118 vertere
475 2036 609 2126 solent,
635 2058 707 2131 quo
720 2039 872 2131 populus
888 2036 952 2111 iste
968 2037 1160 2135 insignitur.
1185 2040 1223 2112 V
1223 2063 1270 2115 ox
1280 2050 1333 2126 rol
1347 2041 1469 2117 Chald.

316 2140 353 2217 dr
377 2138 473 2233 Syris
494 2158 561 2230 pro
584 2134 770 2231 peregrina
789 2134 822 2208 dt
844 2136 985 2211 exotica
1007 2138 1125 2233 lingua
1145 2137 1183 2211 in
1196 2135 1260 2213 usu
1273 2136 1345 2229 est,
1379 2138 1471 2216 Rau

315 2238 396 2314 bini
413 2235 561 2307 Graerum
575 2232 774 2307 sermonem
796 2232 838 2307 in
854 2231 969 2325 specie
985 2254 1028 2307 ea
1042 2255 1134 2310 voce
1150 2232 1272 2335 rnfigni
1288 2258 1328 2310 re
1341 2234 1471 2315 solent.

312 2332 431 2411 Radix
444 2353 534 2405 vero
552 2328 643 2424 apud
658 2330 764 2405 drab.
780 2326 969 2426 fignificat,
993 2344 1052 2425 per
1068 2335 1217 2503 ambages
1233 2336 1471 2427 circumduxit,

302 2430 411 2530 *flexit
433 2429 467 2503 δι
490 2424 581 2521 rorfit
603 2428 749 2523 aliquid,
773 2440 850 2503 tum
871 2429 1015 2523 proprie
1029 2428 1144 2503 inviis
1208 2429 1359 2505 flexibus
1373 2433 1471 2527 laby-

311 2528 483 2617 rintheis,
508 2540 586 2601 tum
606 2522 801 2619 improprie
824 2524 863 2599 in
883 2539 1005 2601 mente
1028 2524 1237 2602 &sermone
1252 2528 1471 2605 multimodis

314 2626 490 2723 implicito
515 2622 749 2699 &intricator
774 2642 819 2695 ex
835 2642 906 2715 quo
920 2620 1062 2697 tandem
1076 2621 1248 2698 sermonis
1260 2628 1391 2699 larini
1408 2625 1473 2703 flu·

250 2789 259 2797 .
312 2727 369 2801 urit
389 2723 504 2800 notio.
553 2717 673 2795 Potest
692 2720 810 2812 itaque
840 2718 953 2809 verti,
977 2719 1039 2796 vel
1059 2740 1081 2793 e
1105 2723 1262 2811 barbaro,
1286 2724 1348 2796 vel
1366 2725 1475 2798 amla-

314 2820 402 2917 gr'rso
416 2816 564 2911 populo.
604 2815 722 2887 Priore
737 2814 837 2889 sensu
849 2814 893 2889 ad
905 2819 1055 2913 linguam
1069 2816 1125 2891 Ae
1198 2819 1344 2910 tiaeam,
1362 2818 1473 2900 lsrae·
1548 2865 1553 2875 ›

245 2996 250 3019 ,
314 2918 390 2991 iltis
402 2916 631 3011 peregrinum,
646 2909 775 2987 direiie
791 2909 993 3008 respicitur,
1019 2911 1114 2990 seda
1153 2920 1269 3015 gentis
1284 2918 1319 2994 dt
1332 2918 1474 3017 religio·

317 3012 621 3104 nis,aliorumque
636 3009 768 3085 rituum
782 3007 818 3085 dt
832 3032 993 3101 morum,
1007 3018 1294 3109 peregrinitatem,
1312 3014 1474 3111 respettu

316 3110 473 3199 Israelis,
500 3105 645 3181 extendi
665 3106 767 3183 simul
785 3108 929 3201 poterit.
980 3106 1161 3203 Posterius
1183 3110 1284 3188 sensu
1305 3113 1476 3209 Aegyptii

220 3288 223 3293 ,
312 3201 493 3304 ambagirss
515 3205 639 3301 populi
664 3204 827 3299 epitheto
851 3204 1124 3305 insignirentur,
1158 3232 1240 3287 cum
1258 3209 1355 3303 quod
1369 3211 1475 3309 aenig·

315 3307 472 3386 maribus
503 3301 569 3379 suis
602 3317 639 3415 et
672 3301 943 3473 ὴίςτοςΙῖρὴίςο
971 3302 1137 3419 sermone
1163 3304 1287 3419 famosa
1314 3304 1473 3395 suerint,

311 3400 801 3590 ‘illlllltlllllll
817 3400 1473 3581 ltilltrlltlultlrtslrllll

321 3597 427 3673 Prius
451 3594 537 3691 quid
555 3594 626 3668 huc
647 3593 773 3685 saciat,
809 3617 889 3671 cunr
911 3620 979 3675 nec
1002 3598 1187 3697 Aegyptiis
1208 3598 1394 3695 proprium
1405 3598 1474 3691 fir,

310 3718 388 3775 uec
409 3690 586 3788 emphasin
608 3691 739 3769 habere
752 3691 940 3788 videatur,
965 3693 1152 3773 difficulter
1161 3696 1343 3791 cernitur,
1366 3698 1476 3775 maxi·

318 3816 379 3873 me
402 3812 487 3866 cum
506 3789 676 3888 Lingua,
700 3788 736 3865 Gt
756 3792 942 3883 moribus,
964 3794 1021 3869 Ae
1093 3794 1227 3881 riorum
1238 3794 1317 3872 satis
1338 3795 1474 3873 adsueti

310 3890 435 3967 essent
454 3886 617 3963 lsraelirae
633 3889 670 3965 in
684 3888 865 3989 Aegypto
915 3890 993 3967 Ate
1042 3895 1091 3983 't,
1115 3913 1287 3989 nusquam
1300 3894 1383 3969 alibi
1402 3894 1474 3969 hoc

311 3990 483 4085 epitheto
504 3986 622 4063 omari
646 3987 846 4086 Aegyptios
866 3986 1025 4087 respersu
1040 3988 1297 4082 israelitarum
1323 3992 1410 4071 licet
1426 4012 1474 4071 eo

312 4088 451 4169 referri
471 4086 581 4169 soleat
603 4082 657 4169 et
682 4106 803 4169 mxu
825 4088 859 4172 6.
877 4084 943 4168 sed
964 4090 1081 4189 males
1103 4090 1149 4173 de
1169 4116 1240 4195 quo
1260 4092 1310 4171 ibi
1311 4091 1473 4289 ffeglitmur,

1390 4210 1479 4269 ω
1560 4228 1564 4233 ’
