3984 5159
591 589 669 690 ,n
766 575 1576 660 connecteremus

600 762 847 954 :titillo
866 753 1763 968 ditiiilliilttit,&intimidi

603 972 698 1046 crat,
725 971 806 1050 quas
829 955 990 1031 recenset
1008 955 1228 1050 summatim,
1253 953 1493 1054 &exaggerat
1511 975 1558 1026 ex
1574 951 1644 1028 sud
1659 955 1762 1052 indig-

602 1053 724 1129 menie
736 1053 1029 1130 consideratione.
1079 1055 1196 1154 Pergit
1212 1057 1293 1130 deln
1308 1055 1351 1128 ad
1367 1054 1541 1150 supplicet
1559 1059 1690 1146 precer
1700 1063 1766 1158 pro

602 1152 814 1229 liberatione
839 1157 882 1226 ab
911 1149 1074 1227 hostibue
1094 1154 1290 1252 peregrinis
1312 1153 1347 1226 dt
1368 1149 1533 1248 perfidie,
1571 1152 1635 1246 qui
1654 1150 1767 1246 ipsum

603 1251 815 1324 videbantur
837 1249 1012 1324 obruturi.
1062 1251 1199 1327 Delimt
1223 1251 1374 1346 deniqtte
1396 1252 1433 1325 in
1453 1246 1602 1322 fiduciae
1622 1247 1770 1343 pleniffi·

603 1371 660 1422 ma
687 1346 926 1420 decbratione
958 1347 1003 1421 de
1034 1345 1118 1426 Deo
1149 1373 1248 1426 novo
1280 1351 1421 1425 cantico
1445 1347 1676 1422 celebrando
1699 1343 1776 1442 post

602 1440 802 1521 doncell'am
826 1443 1096 1537 liberationem,
1119 1471 1187 1544 pro
1201 1447 1290 1524 statu
1307 1447 1425 1536 felici,
1450 1461 1583 1542 pacato
1601 1445 1638 1519 dt
1662 1446 1777 1520 omni-

604 1541 670 1616 bus
684 1543 787 1618 bonis
800 1545 1021 1637 abundante,
1053 1567 1124 1640 quo
1140 1545 1333 1624 fruiturum
1354 1543 1388 1619 se
1412 1541 1482 1618 else
1496 1541 1743 1637 previdebat.

654 1643 687 1730 §.
708 1641 752 1716 ll.
775 1640 888 1743 Quod
905 1659 1153 1742 argumentum
1177 1663 1218 1720 ut
1242 1646 1279 1720 in
1301 1645 1383 1720 luce
1405 1641 1633 1729 collocetur,
1674 1637 1780 1717 ssatus

605 1735 775 1831 Davidie,
790 1743 850 1836 qui
868 1741 927 1816 bic
940 1742 1169 1833 loquitur,ut
1182 1763 1229 1816 ex
1245 1738 1521 1837 inscriptione&
1538 1737 1635 1812 vers.
1654 1763 1782 1835 rope·

607 1854 680 1925 tet,
703 1845 889 1934 proteritur
910 1840 948 1915 dt
965 1839 1104 1935 presens
1126 1842 1164 1916 in
1185 1842 1329 1937 primis,
1352 1836 1601 1914 adtendendus
1630 1835 1720 1929 est,
1743 1836 1777 1910 d

607 1935 788 2030 utriusque
818 1932 1013 2012 retruderes
1043 1935 1138 2012 rene
1165 1938 1386 2042 percipiendi
1416 1935 1507 2011 sunt.
1566 1965 1607 2008 e.
1645 1932 1775 2007 Priores

608 2025 709 2123 sunt,
733 2035 828 2128 quod
842 2037 881 2111 in
896 2035 992 2109 bello
1008 2035 1117 2110 fuerit
1131 2037 1364 2126 exercitatus,
1390 2033 1477 2110 felix
1493 2031 1639 2126 semper
1655 2033 1698 2110 dt
1711 2033 1779 2106 vit·

610 2129 791 2220 toriosue,
815 2146 988 2224 preterea
1007 2136 1044 2208 in
1058 2130 1196 2210 sublimi
1210 2134 1428 2222 collocatus,
1452 2127 1539 2226 dein
1554 2149 1681 2226 regno
1698 2147 1783 2205 con·
1860 2175 1861 2204 ³

610 2223 789 2314 firmatus,
826 2226 980 2320 denique
1010 2232 1163 2325 populos
1190 2227 1333 2304 hostiles
1363 2228 1426 2302 sub
1458 2228 1584 2328 jugum
1612 2225 1777 2303 miserit:

610 2317 702 2394 vers.
727 2342 759 2410 1,
784 2343 818 2398 ea
868 2327 903 2412 β.
931 2321 1126 2418 Posterioris
1145 2327 1244 2418 sunt,
1269 2325 1366 2418 quod
1388 2323 1633 2412 novobello,
1661 2343 1783 2418 eoque

611 2417 860 2512 periculoso&
874 2424 994 2520 gravi,
1021 2417 1131 2498 fuerit
1149 2427 1185 2500 in
1204 2414 1388 2518 presentia
1406 2416 1597 2514 implicitus
1614 2429 1706 2496 cum

609 2515 704 2612 pulis
724 2521 939 2617 peregrinis,
960 2517 1079 2596 secum
1094 2520 1374 2616 conspirantibus
1389 2519 1426 2593 in
1441 2515 1646 2606 Davidem,
1674 2519 1683 2532 '

612 2635 773 2710 equorum
794 2620 995 2705 multarum,
1020 2631 1123 2691 antea
1143 2617 1284 2708 amicis,
1310 2614 1577 2702 defoederatis,
1601 2635 1704 2688 nunc
1719 2636 1785 2689 ve·

450 2716 453 2723 ’
614 2732 657 2786 ro
678 2709 883 2810 foedifragis
907 2713 940 2787 dc
965 2713 1167 2805 hostilibus,
1198 2713 1291 2787 vers.
1314 2733 1349 2806 7,
1376 2711 1458 2802 u&
1477 2731 1533 2786 11.
1560 2726 1602 2784 ut
1615 2707 1673 2783 suo
1685 2712 1778 2788 loco

615 2808 826 2883 videbimur.
877 2810 971 2884 Addi
1004 2809 1121 2906 potest
1181 2807 1373 2904 .respetiu
1392 2807 1499 2882 status
1522 2807 1664 2898 futuri,
1697 2830 1785 2886 eam

614 2901 743 2979 fovisse
764 2902 860 2997 spem
874 2908 991 2981 virum
1008 2910 1124 3002 pium,
1150 2843 1253 3012 sore,
1279 2922 1339 2997 ut,
1367 2905 1438 2978 hoc
1453 2905 1552 2980 bello
1567 2903 1728 2980 feliciter
1744 2903 1785 2980 se
1861 2999 1862 3006 Ν

616 3002 716 3089 nito,
747 3021 860 3097 regno
885 3002 1065 3099 gavisurus
1093 3007 1137 3080 sit
1159 3009 1353 3101 prospero,
1386 3000 1597 3080 &hostium
1616 3001 1787 3099 respectu
1861 3013 1862 3028 ¹

618 3114 691 3176 tuto
706 3120 747 3173 ac
761 3117 886 3194 pacato
901 3098 989 3172 vers.
1008 3121 1065 3174 re.

670 3195 779 3288 ulis.
805 3195 954 3272 Nullum
977 3211 1104 3293 tempus
1128 3195 1200 3288 est,
1226 3219 1273 3274 ex
1296 3193 1438 3272 historia
1462 3195 1610 3271 Davidis
1627 3211 1786 3291 notum,

619 3295 658 3372 in
681 3295 778 3389 quod
797 3294 833 3368 hi
853 3291 1068 3371 chmaileres
1091 3293 1240 3385 reeius,
1271 3312 1313 3370 ut
1332 3295 1500 3386 videtur,
1531 3297 1784 3388 convenitmt,

620 3408 751 3486 preter
770 3389 875 3484 illud,
914 3414 1010 3487 quo,
1047 3415 1086 3468 re
1136 3416 1160 3467 o
1183 3389 1346 3480 firmato,
1379 3391 1575 3488 &populu
1596 3389 1783 3472 hostinbm

620 3491 788 3566 omnibus
800 3491 1075 3585 quaquaversum
1105 3487 1255 3580 aeaeis,
1280 3511 1382 3566 novo
1403 3491 1501 3564 bello
1519 3489 1656 3584 petitus
1672 3491 1726 3564 est
1738 3495 1783 3568 ab

620 3585 846 3678 Ammonius,
868 3606 972 3665 antea
991 3589 1183 3666 foederatis
1207 3587 1398 3678 ttamen,
1422 3587 1460 3664 in
1476 3586 1684 3664 societatem
1698 3591 1784 3664 belli

623 3683 740 3764 eratin
761 3685 878 3780 Syris,
901 3707 1008 3764 antea
1025 3689 1167 3764 domitis
1187 3709 1208 3760 a
1227 3685 1379 3761 Davide.
1436 3684 1528 3783 Quae
1545 3683 1692 3760 historia
1705 3709 1782 3762 nar-

621 3795 720 3859 retur
743 3783 871 3857 osam,
885 3807 922 3859 x.
971 3786 1013 3860 ln
1037 3785 1133 3879 qnod
1153 3800 1292 3879 tempus
1316 3779 1439 3858 cunila
1457 3797 1527 3857 tarn
1543 3796 1627 3877 apte
1642 3785 1781 3878 conspi-

625 3893 726 3966 rent,
741 3893 784 3950 ut
796 3880 924 3956 mirum
938 3883 1073 3960 aecidat
1083 3930 1096 3971 ,
1106 3881 1363 3974 Interpretibus
1377 3879 1461 3954 illud
1478 3881 1514 3954 in
1527 3897 1689 3956 mentem
1702 3903 1779 3966 non

624 3972 768 4067 uenisse.
819 3973 1005 4074 Vulgptior
1026 3975 1077 4054 est
1100 3979 1294 4069 sententia,
1319 3979 1370 4054 Pi
1386 3977 1776 4072 essecomposrtumed·

625 4071 749 4153 versus.
765 4093 868 4172 reges
889 4075 1083 4170 Gentium,
1107 4079 1173 4173 qul.
1187 4077 1342 4176 undique
1369 4075 1544 4156 Davidem
1564 4075 1774 4248 bellobpaente·

648 4239 653 4248 .
1109 4263 1112 4268 ι
1733 4187 1773 4270 t,
