3984 5159
518 587 587 645 au
653 561 1020 647 PSALM.
1084 560 1267 647 Cillaa.⁴
1365 577 1440 676 ⁶³³.

336 754 1358 994 nartianula

236 1128 242 1142 ,
313 1075 347 1164 §.
363 1067 412 1144 V.
426 1061 700 1163 Investigatione
714 1054 941 1157 hypothefios
957 1054 1008 1135 Ps
1018 1065 1224 1157 exponendi
1241 1087 1322 1143 cum
1336 1089 1427 1164 opus

264 1191 344 1246 non
366 1168 434 1257 stt,
465 1165 513 1238 ‘ad
534 1163 806 1258 explicationem
834 1179 918 1235 mox
941 1179 1097 1256 pergam.
1145 1160 1240 1238 Cum
1261 1167 1355 1242 enim
1376 1167 1429 1242 ni·
1489 1217 1496 1226 -

198 1321 207 1334 .
270 1267 321 1341 hil
343 1266 402 1338 hic
422 1260 493 1336 sese
517 1258 646 1335 offerat
666 1282 687 1332 a
704 1255 865 1345 Davide‚
897 1255 1118 1350 &ternpore
1140 1257 1191 1332 Ps.
1214 1263 1426 1356 compositi,
1552 1297 1554 1304 ·

264 1362 365 1458 quod
394 1359 498 1454 supra
525 1354 697 1446 definivi,
738 1355 922 1444 alienum,
962 1355 1000 1428 in
1021 1373 1066 1427 eo
1087 1356 1217 1432 merito
1240 1360 1429 1452 acquiesci-

267 1477 357 1550 tur3
396 1456 493 1552 quod
530 1454 750 1544 interpretes
769 1453 885 1536 ,etiam
915 1452 1156 1527 communiter
1186 1453 1352 1544 faciunt,
1390 1457 1430 1531 in
1571 1479 1586 1490 ·

266 1571 431 1652 tempore
460 1566 599 1630 tantum
629 1574 650 1625 a
678 1551 781 1625 nobis
802 1546 1058 1624 dissentientes.
1105 1547 1235 1625 Tillius
1258 1553 1426 1648 quidem,

126 1738 127 1746 Ν
268 1651 349 1750 post
380 1650 610 1742 Cocceium,
648 1645 800 1722 diversas
837 1645 1004 1740 periodos
1032 1643 1238 1722 adflisiionis
1265 1649 1428 1723 Eccleliae

269 1747 470 1827 chnlbanae
486 1769 507 1819 a
525 1745 676 1839 judeis,
694 1743 920 1832 Gentilibus,
935 1741 968 1814 br
983 1741 1288 1838 Antichristianis,
1313 1767 1425 1842 usque

126 1876 130 1909 ι
267 1848 313 1924 ad
338 1843 525 1921 novisfima
555 1857 724 1937 tempora
751 1839 871 1913 felicia
890 1839 1032 1938 depingi
1051 1857 1236 1932 autumatt
1253 1840 1329 1916 ‘sed
1350 1843 1426 1920 sine
1498 1913 1501 1922 ,

125 1964 128 2013 z
263 1944 341 2020 ullo
368 1941 616 2018 fundamento.
671 1937 782 2040 Quod
809 1937 907 2014 enim
929 1935 966 2010 in
994 1937 1118 2016 ultima
1138 1937 1306 2036 pericopa
1325 1941 1429 2036 poni·

256 2045 358 2130 tur,
394 2039 498 2112 valde
527 2033 716 2112 sublestuna
743 2031 821 2126 est,
864 2031 898 2108 δι
928 2033 966 2107 in
988 2033 1159 2128 perverso
1181 2037 1322 2132 insuper
1350 2038 1426 2130 ejus
1456 2085 1459 2092 ι
1534 2053 1538 2074 ‘

267 2136 457 2214 fundatum
490 2132 685 2230 intelleiiu
735 2131 794 2204 De
821 2154 893 2226 quo
923 2129 1057 2227 postea
1106 2133 1134 2210 1.
1160 2135 1276 2210 Prima
1304 2136 1425 2229 itaque

217 2319 220 2326 ,
265 2256 349 2332 pars
377 2231 458 2321 Pa,
490 2231 634 2324 atejus
662 2227 918 2323 expositionem
938 2229 1149 2326 adgrediar,
1180 2252 1304 2329 preces
1325 2253 1424 2310 cotn-

266 2329 461 2428 prehendit
487 2349 555 2423 pro
586 2325 919 2401 conservatione&
951 2326 1162 2402 liberatione
1190 2331 1233 2402 ab
1263 2326 1426 2405 hostibus,

126 2455 134 2507 ι
269 2425 468 2521 improbis,
512 2427 562 2496 lis
597 2425 763 2520 repetitas
798 2445 880 2498 cum
917 2419 983 2497 hac
1017 2424 1166 2500 notabili
1192 2422 1425 2516 variatione..

126 2538 129 2547 ’
262 2523 425 2620 quodin
447 2525 556 2617 priore
582 2541 683 2617 parte
712 2519 928 2594 charaiieres
947 2518 1101 2597 hostium
1124 2518 1266 2596 suorum
1288 2519 1393 2602 ducat
1408 2571 1431 2616 ‚.
1467 2518 1477 2536 '

263 2623 305 2695 in
331 2618 499 2717 posteriore
525 2629 617 2694 vero
647 2619 722 2695 suas
750 2618 794 2690 ab
823 2618 865 2691 iis
892 2615 1135 2691 infestationes
1167 2615 1420 2712 representet:

127 2756 128 2759 κ
260 2717 431 2812 repetitio
452 2717 556 2792 nimis
577 2714 632 2788 est
652 2711 856 2803 manifesta,
888 2735 993 2809 quam
1012 2727 1052 2789 ut
1073 2713 1110 2788 in
1132 2713 1278 2791 dubium
1299 2717 1422 2790 vocari

262 2813 397 2910 posfit;
431 2812 635 2886 variationis
663 2833 753 2887 vero
784 2825 989 2886 memorata
1019 2809 1187 2888 indicium
1219 2833 1361 2908 quoque
1380 2813 1421 2890 in

262 2933 310 2986 eo
334 2908 385 2984 est
414 2907 494 2984 satis
529 2907 692 3009 clarum,
727 2909 830 3002 quod·
852 2909 890 2982 in
914 2914 1025 3004 priore
1079 2927 1156 2988 arte
1187 2909 1231 2985 de
1264 2907 1420 2989 hostium

259 3007 485 3104 qualitatibus
503 3003 541 3080 in
563 3025 694 3102 genere
716 3006 908 3099 loquatur,
940 3005 975 3080 in
995 2931 1167 3104 possuntt
1187 3022 1308 3084 autent
1331 3010 1421 3082 rela-

258 3122 296 3182 te
317 3106 370 3277 agg
380 3105 447 3195 se,
473 3102 509 3178 st
531 3102 576 3178 de
590 3123 718 3180 eorum
730 3101 947 3180 facinoribus
960 3106 998 3180 in
1012 3104 1107 3185 suam
1120 3103 1307 3204 personam
1322 3123 1420 3180 com·

263 3205 329 3280 mis
438 3217 485 3277 at.
970 3213 973 3218 ’

309 3306 342 3392 §.
358 3225 437 3377 Vs.g
476 3329 509 3374 a.
533 3298 574 3374 In
595 3299 722 3395 priore
752 3317 853 3398 parte
882 3299 1148 3396 supplicationis
1197 3329 1232 3376 a.
1257 3297 1417 3378 occurrit

258 3397 332 3494 ipsa
361 3396 517 3490 petitio,
560 3393 651 3471 vers.
684 3419 719 3474 t.
770 3403 811 3490 β.-
832 3402 1042 3496 qualitatum
1065 3395 1219 3474 hostium
1241 3399 1416 3498 generalis

234 3493 477 3588 ‘descriptio,
516 3491 606 3567 vers.
638 3515 674 3586 3,
705 3515 742 3583 4,
800 3528 834 3570 a.
868 3494 993 3568 Potitio
1022 3497 1071 3568 ita
1099 3494 1232 3588 sonat,
1266 3493 1357 3570 vers.
1380 3517 1417 3578 2.

257 3591 467 3679 Libertate,
493 3585 645 3688 Jehova,
671 3593 857 3666 absoniae
881 3594 1052 3688 maligno,
1086 3587 1243 3684 custodias
1264 3616 1347 3668 mea
1364 3599 1418 3668 ui·

255 3715 292 3764 oo
324 3685 517 3780 cruditfimae
543 3690 718 3761 uiolentia.
758 3688 793 3764 h.
822 3712 854 3763 e.
894 3687 1053 3782 Supplex
1079 3704 1165 3784 peto
1190 3689 1324 3781 a‘Te‘,
1357 3691 1418 3787 qui

257 3787 395 3884 Jebova
422 3808 488 3875 es,
530 3783 629 3869 Deus
660 3805 770 3857 verax
797 3785 908 3879 justus
929 3785 964 3859 &
983 3785 1129 3877 bonus,
1168 3804 1210 3868 ut
1231 3811 1288 3865 me
1311 3811 1331 3864 a
1354 3811 1414 3868 cu·

129 3893 130 3897 '
212 3905 215 3909 ’
254 3887 451 3982 juscunque
482 3881 582 3958 sortis
609 3881 838 3977 hominibus,
876 3881 947 3957 sive
972 3882 1104 3958 vilioris
1125 3884 1166 3959 a.
1185 3883 1416 3980 infirmioris,

257 3983 333 4059 stve
363 3981 528 4078 dignioris
560 3978 593 4051 br
622 3983 864 4076 potentioris,
901 3981 961 4074 qui
982 3981 1078 4058 malo
1100 3980 1181 4058 sunt
1204 3985 1351 4075 animo,
1382 3985 1417 4058 δι

258 4077 428 4160 summam
454 4093 626 4155 exercent
655 4078 894 4256 violentiam?
933 4076 1133 4180 custodias,
1164 4103 1212 4164 ne
1232 4101 1358 4160 eorum
1378 4081 1418 4156 in
