3984 5159
376 469 393 492 ο
504 547 549 626 86
678 527 1495 618 COMMENTARIUS

506 733 765 832 prestantiores
797 725 875 824 ipsrs
903 725 1116 813 timulacris,
1148 721 1220 798 vita
1241 722 1341 798 omni
1363 721 1399 798 dr
1419 721 1521 800 seusu
1536 722 1658 818 callis,

507 830 859 926 representarentu13
893 841 1065 918 quatenus
1085 821 1155 894 boc
1176 841 1287 913 opere
1307 817 1381 894 sese
1406 820 1663 898 demonstarint

509 929 606 1004 omni
634 933 758 1000 rarione
787 922 994 1009 destitutos,
1041 920 1077 992 &
1101 918 1279 992 fimulacra
1305 918 1424 1010 potius
1453 919 1662 1009 hominum,

509 1049 612 1120 quam
629 1025 790 1098 homines
805 1019 944 1092 ratione
960 1017 1145 1111 praeditos,
1170 1015 1215 1088 de
1229 1013 1439 1106 quibuadici
1453 1014 1574 1107 poffit,
1591 1041 1663 1091 ocu.
1738 1077 1742 1082 .
1866 1047 1870 1055 ·

508 1129 555 1198 los
577 1125 693 1194 habent
715 1139 773 1191 nec
794 1118 931 1204 vident,
956 1135 1052 1186 auras
1075 1135 1133 1186 nec
1156 1115 1297 1190 audiunt
1320 1111 1385 1184 dte.
1410 1114 1534 1187 brutos
1544 1115 1663 1208 itaque

513 1222 549 1294 dr
572 1215 741 1309 stupidos.
792 1213 845 1286 lta
868 1211 912 1284 de
936 1211 1115 1284 idolorum
1134 1208 1402 1287 fabricatoribus
1419 1209 1664 1286 &cultoribus

513 1313 583 1409 Jes.
599 1315 622 1386 l.
638 1335 670 1386 c.
691 1335 754 1384 non
774 1305 989 1406 cognffcunt,
1016 1330 1079 1381 non
1094 1311 1307 1402 intelligunt,
1328 1303 1533 1400 eilulfum,
1555 1332 1595 1381 ne
1614 1314 1667 1380 oi.

515 1413 613 1484 deant
636 1412 719 1482 oculi
742 1405 900 1502 ipsorum,
928 1429 967 1478 ire
980 1401 1096 1499 sapiat
1110 1427 1163 1476 cor
1177 1401 1326 1498 ipsorum.
1375 1400 1460 1500 Quo
1473 1401 1575 1478 sensu
1589 1426 1668 1479 ver.

516 1510 562 1586 ba
577 1506 620 1579 ad
638 1505 845 1580 ulteriorem
860 1502 1068 1576 idololatriae
1080 1499 1367 1593 prostitutionem
1383 1499 1545 1574 facerent
1558 1551 1570 1592 ,
1584 1524 1669 1578 cum

518 1602 669 1677 faetores
688 1601 885 1689 idolorum,
911 1620 1015 1692 quam
1029 1597 1199 1694 ingeniofi
1211 1597 1320 1670 etiam
1335 1597 1370 1670 dr
1383 1595 1576 1685 artificum,
1592 1600 1669 1692 ipsis

520 1699 588 1773 suis
604 1699 789 1773 fimulacris
806 1697 896 1781 sint,
918 1694 1112 1769 rationis&
1127 1694 1303 1787 sapientiae
1318 1692 1499 1785 respeiiu,
1520 1693 1668 1770 similest

518 1814 688 1892 praeterea
712 1795 801 1868 sicut
819 1793 913 1868 idola
927 1789 1154 1888 longiffimea
1172 1811 1256 1863 vera
1269 1789 1393 1863 Divini
1408 1790 1574 1865 Numinis
1588 1793 1672 1866 ima·

520 1897 602 2063 {ine
625 1892 773 1980 distant,
807 1891 841 1962 dt
867 1890 952 1972 nihil
977 1890 1092 1963 minus
1113 1907 1216 1980 quam
1237 1885 1297 1958 Dii
1318 1885 1417 1976 sunt,
1443 1888 1528 1962 licet
1552 1912 1617 1983 pro
1630 1891 1673 1962 iis

548 1996 736 2064 abeantur:
770 1988 820 2060 ita
839 1986 931 2060 fabri
951 1987 987 2059 δι
1007 1986 1209 2058 adoratores
1231 2005 1356 2057 eorum
1380 1984 1473 2060 baud
1493 1985 1608 2061 minus
1629 1988 1674 2061 ab
1820 2030 1825 2039 ·

522 2088 667 2167 homine
701 2086 845 2176 ejusque
875 2079 939 2156 fini
970 2080 1147 2170 diffident,
1180 2081 1217 2153 δι
1240 2080 1402 2173 reliquias
1424 2088 1580 2179 imaginis
1602 2085 1676 2159 Dei

524 2184 563 2256 in
578 2183 612 2256 se
628 2185 729 2276 plane
745 2177 943 2253 destruunt.
1083 2233 1089 2240 .
1356 2246 1361 2258 ,
1723 2221 1728 2229 -

571 2285 605 2368 §.
622 2277 713 2349 xxi.
740 2274 937 2348 Posteriore
956 2274 1066 2349 modo
1089 2276 1197 2349 verba
1214 2271 1390 2349 intelledia
1406 2275 1582 2370 duplicem
1595 2277 1676 2354 fun

526 2375 614 2448 dunt
635 2369 790 2461 sensum,
812 2375 972 2460 alinum,
999 2393 1070 2462 quo
1078 2367 1190 2464 fiunt,
1204 2372 1263 2444 vel
1273 2369 1378 2466 fient,
1397 2373 1439 2446 fit
1453 2396 1519 2467 pro
1533 2375 1602 2448 elie
1617 2377 1675 2449 de·

526 2469 788 2559 monstrentur,
813 2465 982 2563 patefiant
1003 2467 1039 2541 dt
1058 2468 1199 2561 publice
1215 2468 1456 2557 innotescant,
1483 2472 1678 2549 idriisiirui·
1812 2552 1816 2558 ,

526 2571 598 2658 les,
622 2566 685 2642 seu
699 2584 818 2648 mente
834 2566 870 2640 u
884 2565 1022 2639 ratione
1037 2565 1129 2640 orbi.
1179 2562 1288 2662 Quod
1306 2567 1387 2640 alias
1400 2564 1556 2658 confundi
1573 2570 1609 2642 dr
1619 2585 1679 2666 pra

530 2669 602 2738 dore
624 2661 721 2755 adfici
742 2665 891 2751 dicitur,
918 2675 959 2735 ut
977 2658 1047 2754 Jes.
1064 2683 1161 2735 xtrv:
1180 2681 1236 2734 11.
1253 2661 1297 2733 de
1312 2661 1353 2734 iis
1370 2663 1529 2740 habetur.
1579 2665 1681 2742 Alter

531 2760 648 2835 sensus
670 2758 742 2848 est,
775 2781 846 2851 quo
868 2757 990 2830 eadem
1013 2756 1085 2832 sors
1111 2758 1364 2832 formatoribus
1380 2759 1578 2853 idolorum,
1603 2787 1680 2857 quoe

533 2856 638 2928 idolis
658 2853 754 2946 ipis,
786 2851 855 2927 adii
878 2867 1001 2941 natum
1025 2854 1116 2926 adeo
1137 2869 1196 2942 ut,
1222 2854 1309 2932 licut
1322 2856 1415 2931 idola
1429 2881 1497 2933 nec
1511 2863 1587 2951 libi,
1612 2885 1682 2951 nec

540 2952 635 3039 aliis,
659 2949 790 3036 auxilio
810 2973 834 3023 e
862 2947 1059 3042 spolium,
1086 2951 1172 3042 quin
1187 2949 1280 3040 justo
1294 2952 1363 3026 Dei
1375 2955 1509 3046 judicio
1523 2956 1606 3034 sunt
1624 2962 1684 3034 de·
1760 2957 1765 2966 '

538 3047 724 3137 struenda,
750 3047 787 3120 in
801 3047 957 3120 eandem
980 3046 1222 3122 conditionem
1242 3047 1307 3122 fini
1328 3051 1509 3149 redigendi
1528 3058 1685 3134 cultores

539 3169 685 3235 eorum,
712 3165 887 3240 unacum
908 3143 1074 3246 operibus
1096 3165 1261 3221 manuum
1283 3145 1418 3223 suarum
1432 3150 1599 3245 perituri3
1623 3156 1688 3232 nifi

536 3243 761 3336 resipiscant,
793 3241 829 3314 dc
847 3241 890 3312 ab
914 3261 1040 3314 eorum
1057 3242 1159 3316 cultu
1173 3265 1213 3314 ac
1227 3249 1479 3323 communione
1493 3251 1685 3329 discedant.

532 3337 645 3440 Quod
666 3337 999 3434 lubintelligendum
1021 3337 1111 3427 eise,
1136 3338 1240 3414 facile
1263 3346 1419 3434 patescit.
1469 3346 1562 3420 Fieri
1583 3349 1687 3424 instar

538 3439 715 3511 idolorum
739 3435 809 3510 dici
830 3451 965 3527 queunt
987 3435 1170 3526 homines,
1206 3438 1264 3531 qui
1285 3439 1323 3513 in
1337 3441 1434 3518 illum
1448 3445 1611 3520 recidunt
1625 3447 1689 3521 sta·

539 3540 636 3618 ‘turm
650 3551 723 3625 quo
744 3557 776 3608 a.
801 3551 870 3606 nec
897 3553 1030 3606 nocere
1051 3557 1119 3607 nec
1144 3535 1304 3628 prodeiie
1322 3539 1468 3630 poliunt
1490 3543 1586 3633 aliis,
1612 3567 1689 3619 non

543 3643 650 3796 mags
685 3653 786 3722 quam
822 3629 927 3702 idola.
978 3635 1007 3703 i.
1030 3632 1096 3704 -srbi
1117 3653 1190 3706 non
1216 3633 1357 3726 poliunt
1384 3659 1491 3730 opem
1520 3643 1689 3732 praebere.

544 3743 576 3797 r:
633 3745 697 3812 en,
719 3727 972 3801 &hominibus
998 3725 1087 3800 satnoe
1102 3731 1266 3819 rationis,
1292 3733 1371 3804 sunt
1384 3735 1517 3811 odio&
1534 3755 1693 3814 contem·

535 3822 608 3894 tui.¹
648 3822 679 3892 d.
703 3821 851 3914 denique
872 3845 893 3896 e
915 3825 1035 3898 medio
1056 3824 1257 3912 tolluntur,
1297 3829 1332 3901 dr
1359 3831 1448 3905 mala
1469 3852 1583 3907 morte
1607 3837 1694 3910 mul·

541 3917 706 4004 dianium
734 3920 876 4008 quando
912 3923 1006 3994 idriis
1034 3941 1122 3993 vere
1151 3917 1406 4017 diuturnius,
1438 3931 1513 4004 vita
1533 3931 1629 4020 calli,
1660 3936 1694 4008 dr

540 4016 792 4094 membrorum
808 4018 968 4094 omnium
983 4015 1046 4093 usu
1058 4016 1150 4098 orbi.

1341 4126 1375 4210 §.
1390 4120 1501 4197 XXII.
1542 4127 1586 4202 11.
1604 4127 1695 4200 Cum
