3984 5159
599 529 668 602 m
763 485 1584 602 §OMMENTARLUS

600 695 731 774 deam„
765 690 895 765 Intueri
915 685 1014 783 doliu
1033 686 1093 758 liic
1113 702 1187 758 non
1207 699 1277 760 tam
1291 678 1401 770 dicit,
1426 703 1489 759 eos
1507 685 1682 782 intrepide
1696 678 1756 759 ad-

602 792 724 890 gredi,
748 811 852 883 quam
880 807 942 860 eos
968 781 1081 858 otiose
1103 778 1278 875 prosterni
1293 782 1440 870 videre,
1459 782 1594 876 judicio
1617 785 1754 858 Divino

605 890 786 963 delendos.
820 883 902 957 Vid.
933 881 984 955 Ps.
1017 899 1124 953 xxxv:
1149 899 1204 952 ur.
1234 893 1309 952 arv:
1331 899 1366 970 9.
1388 899 1458 953 xer:
1482 885 1513 956 8.
1571 881 1630 958 De
1650 883 1757 971 Syro·

603 973 883 1070 Macedonibus,
901 975 1060 1090 ugidis,
1088 974 1230 1066 elinque
1245 976 1384 1088 populis
1400 975 1581 1052 hostilibus
1594 977 1757 1072 posthoc

602 1069 1755 1280 intra?¹rialaa,uirilitat‘araalala

603 1275 709 1351 stum.
757 1272 814 1345 De
833 1270 956 1366 quoin
972 1267 1056 1343 Diff.
1072 1267 1115 1340 ad
1131 1265 1224 1342 Dan.
1239 1267 1393 1342 drsserur.

656 1379 687 1464 p.
700 1368 797 1444 XIX.
846 1373 876 1442 l.
903 1365 1004 1442 Dida
1035 1363 1182 1440 illustret
1203 1366 1241 1439 dr
1259 1361 1469 1456 confirmet,
1502 1368 1626 1442 morali
1649 1370 1755 1446 etiam

606 1467 747 1638 uu
770 1466 929 1638 arla
956 1459 1281 1636 alteratas*
1345 1486 1531 1654 a
1545 1463 1627 1634 ”a
1643 1467 1757 1584 iu·-

602 1585 787 1737 prurerptepasm
800 1583 1033 1758 saniarium,
1064 1611 1170 1754 'pam
1191 1580 1320 1729 lonii}
1337 1653 1504 1751 confidere.
1551 1559 1690 1734 {m
1711 1589 1757 1756 οἳ

537 1783 540 1788 “
607 1756 747 1860 erouae
757 1763 936 1854 patrocinio
952 1761 1023 1844 nti,
1048 1777 1145 1850 prtum
1157 1756 1329 1851 princibus
1336 1749 1450 1847 fidere.
1478 1755 1512 1829 h.
1529 1775 1562 1829 e.
1596 1756 1697 1833 Sicut
1709 1777 1756 1834 ert

580 1856 724 1948 'nostra
745 1855 955 1930 liberatione
979 1852 1016 1926 dr
1040 1850 1193 1927 hostium
1215 1847 1430 1942 subjectione
1451 1851 1609 1945 constat,
1639 1857 1759 1934 itaer

606 1952 708 2030 firma
727 1949 848 2026 nostra
876 1948 1070 2037 felicitate,
1109 1947 1378 2042 &populorum
1399 1947 1574 2024 hostilium
1601 1951 1757 2046 plenarie

604 2045 842 2125 tentatione
863 2042 1038 2120 constabit
1056 2043 1221 2136 ulteriust
1252 2044 1360 2142 longe
1384 2044 1581 2122 beatiorem
1598 2049 1633 2121 dc
1646 2052 1758 2126 tutio·

513 2177 517 2184 ·
606 2167 684 2220 reru
699 2142 769 2216 esse
784 2161 910 2216 eorum
925 2139 1188 2232 conditionem,
1213 2141 1273 2234 qui
1289 2141 1437 2235 Jehovae
1453 2145 1574 2218 tutele
1589 2145 1623 2219 dr
1637 2161 1758 2240 patro·

608 2242 713 2342 cinit),
729 2239 764 2314 se
789 2238 1039 2328 committunt,
1064 2255 1168 2331 quam
1186 2238 1247 2331 qui
1260 2238 1396 2314 homini
1410 2239 1633 2336 cuicunque,
1648 2245 1757 2336 etiam

607 2341 645 2414 in
663 2337 793 2411 stimma
806 2335 976 2432 dignitate
989 2333 1128 2430 polito,
1140 2334 1175 2408 dr
1188 2335 1348 2429 potentia
1362 2336 1532 2428 praedito,
1552 2337 1759 2418 confidunt:

607 2435 662 2510 Ex
686 2455 758 2530 quo
784 2433 867 2528 quid
891 2431 999 2508 nostri
1022 2430 1065 2506 srt
1082 2427 1214 2519 officii,
1239 2430 1275 2503 dr
1292 2453 1321 2504 -a
1341 2453 1413 2526 quo
1433 2430 1520 2509 saltas
1542 2434 1659 2510 nostra
1672 2445 1762 2532 peni

604 2532 718 2622 deat,
759 2533 851 2606 clare
882 2531 1100 2627 intelligitur.
1163 2523 1283 2601 Verba
1311 2529 1355 2604 dn·
1371 2529 1561 2608 veritatem
1587 2535 1760 2614 moralem

606 2628 733 2706 summi
753 2629 950 2718 momenti,
987 2647 1052 2721 per
1072 2626 1330 2720 experientiam
1351 2639 1439 2701 tunc
1462 2628 1756 2724 demonstratum,

608 2727 646 2799 dr
668 2721 790 2816 postea
811 2725 989 2813 futuram,
1030 2722 1183 2797 &fimul
1204 2721 1380 2798 monitum
1397 2723 1443 2797 ad
1462 2721 1613 2818 Jehovae
1633 2727 1698 2804 soli
1717 2727 1759 2803 fi·

609 2817 788 2909 dendum,
813 2819 1021 2907 continent3
1047 2819 1202 2912 nihilque
1227 2820 1382 2909 habent,
1412 2821 1457 2894 ad
1477 2823 1573 2916 quod
1598 2825 1675 2919 quis
1693 2827 1761 2900 obs

610 2913 786 2990 herescat.
837 2913 1066 3010 Comparatio
1081 2932 1156 2990 non
1170 2936 1218 2989 eo
1237 2915 1337 2990 sensu
1358 2914 1409 2990 est
1425 2919 1616 3012 capienda,
1636 2921 1704 2998 acfi
1719 2921 1764 2997 fis

607 3013 711 3089 dacia
733 3013 879 3107 Jehovae
902 3009 1103 3108 [impliciter
1122 3011 1220 3086 foret
1241 3011 1483 3107 preferenda,
1513 3039 1586 3092 non
1608 3020 1677 3093 sola
1696 3039 1764 3095 ne··

605 3109 770 3199 cellaria,
795 3111 832 3186 δι
845 3123 983 3184 tantum
1005 3113 1101 3184 bona
1121 3108 1158 3182 dc
1178 3108 1351 3198 salutaris,
1382 3111 1441 3184 sed
1464 3109 1627 3190 fiduciam
1642 3118 1679 3190 in
1694 3117 1765 3193 ho:

606 3209 759 3285 minibus
783 3221 957 3301 practerea
977 3207 1081 3300 plane
1106 3205 1221 3298 reiicit
1239 3204 1274 3279 u
1289 3205 1451 3298 damnat3
1477 3209 1578 3285 itaut
1592 3217 1706 3286 melius
1722 3215 1759 3288 ἅ

603 3313 715 3404 potius
729 3306 788 3382 hic
802 3303 843 3379 fit
857 3304 962 3379 unice
980 3306 1115 3378 bonum
1131 3301 1347 3392 desolatore,
1371 3303 1534 3400 opposite
1553 3308 1596 3381 ad
1610 3311 1755 3388 alteram

606 3402 771 3480 fiduciam
793 3404 829 3477 in
848 3401 1071 3490 hominibus,
1104 3401 1202 3475 nullo
1220 3400 1330 3476 modo
1346 3403 1487 3476 bonam.
1536 3402 1645 3498 Cujus
1659 3409 1763 3482 locu·-

608 3501 716 3574 tionis
729 3503 861 3593 ubique.
876 3497 947 3572 sese
961 3495 1123 3575 offerunt
1137 3495 1309 3590 exempla.
1365 3497 1422 3570 Eo
1437 3499 1555 3592 itaque
1567 3505 1754 3596 collineat,

448 3611 451 3620 ⁴
607 3609 649 3669 ut
691 3617 722 3667 ι.
745 3595 969 3687 Judoeorum,
991 3596 1189 3690 patrocinio
1198 3593 1351 3686 -Jenovae
1364 3594 1592 3691 gaudentium
1607 3600 1639 3672 dr
1654 3602 1756 3674 nixo·

606 3711 708 3776 rum,
732 3703 843 3764 tutam
860 3717 900 3766 ac
916 3691 1140 3787 prosperam,
1157 3691 1373 3784 reliquorum
1387 3694 1620 3786 populorum,
1636 3697 1757 3772 huma·

605 3807 663 3860 nae
673 3787 852 3877 potentie
869 3790 902 3862 dc
917 3789 1075 3884 dignitati
1089 3785 1292 3875 fidentium,
1307 3785 1488 3864 infelicem
1503 3789 1638 3880 ellr,dr
1651 3793 1755 3886 fore,
1790 3807 1794 3814 '

601 3881 761 3966 sortem,
791 3877 1043 3958 adfirmaretur.
1078 3903 1112 3956 2.
1129 3880 1240 3976 Judaei
1253 3883 1300 3956 de
1312 3879 1438 3958 fiducia
1451 3885 1487 3959 in
1505 3883 1581 3962 solo
1595 3887 1679 3966 Deo
1693 3895 1758 3984 po·
1802 3926 1806 3933 ’

604 3979 721 4054 nenda
744 3975 1040 4071 admouerentur,
1080 3988 1210 4058 netur
1241 3979 1394 4078 propriis
1418 3983 1570 4075 wodor,
1593 3987 1678 4059 licet
1693 3987 1757 4059 he-

720 4115 727 4130 ι
1159 4133 1167 4146 .
1207 4109 1216 4128 ¹
1286 4133 1289 4137 ·
1503 4099 1506 4104 ·
1610 4084 1798 4158 ruitur·
