3984 5159
539 517 612 660 iil
715 483 1527 632 coum'irurl'turus

547 747 760 844 composita,
786 746 829 820 de
844 740 1015 840 quonihil
1031 737 1188 826 constat:
1216 759 1283 812 nec
1300 737 1480 831 probabile
1502 737 1551 812 est
1560 789 1572 830 ,
1587 739 1702 838 aliqua

550 847 705 935 cantica,
731 864 802 918 tarn
817 841 895 915 sero
910 837 1018 923 fabia,
1044 839 1078 909 in
1094 857 1268 910 canonem
1288 834 1423 907 redacta
1438 833 1549 911 l'uilse.

598 949 630 1035 §.
647 941 692 1014 V.
719 937 828 1015 Sensu
852 935 1066 1030 prophetico
1088 933 1206 1021 millo,
1233 932 1276 1002 de
1299 932 1426 1003 cantici
1440 933 1701 1026 interpretatio·

548 1061 595 1114 ne
617 1054 718 1110 certo
737 1032 941 1117 constaret,
963 1031 988 1103 sa
1011 1029 1118 1100 ausin
1144 1030 1218 1118 ejus
1233 1025 1351 1100 suisset
1366 1046 1562 1103 annotatus.
1613 1033 1700 1124 Ejus

547 1133 746 1234 ignorantia
767 1131 874 1217 fecit,
900 1144 940 1201 ut
964 1126 1086 1199 allide
1111 1124 1266 1211 Davidc‚
1294 1123 1350 1195 alii
1374 1125 1417 1196 dc
1438 1125 1564 1218 Judaeis
1579 1127 1699 1202 inerti·

547 1233 597 1310 lio
620 1229 761 1320 Babyl,
787 1228 843 1299 alii
865 1225 908 1297 de
926 1225 966 1296 iis
982 1239 1144 1314 tempore
1162 1220 1363 1294 calamitatis
1378 1219 1624 1314 Epiphanicae,
1639 1247 1698 1300 co·

546 1327 701 1424 gitatint.
750 1322 870 1395 David
889 1322 946 1392 hic
961 1321 998 1392 in
1014 1319 1157 1393 censum
1173 1317 1296 1390 venire
1311 1320 1454 1409 nequit,
1481 1321 1576 1410 quod
1593 1319 1699 1398 status

547 1426 623 1517 ejus
638 1420 852 1494 characteres
868 1418 1013 1494 hicnon
1027 1416 1267 1490 inveniantur.
1304 1411 1389 1510 Quo
1404 1428 1567 1506 tempore
1581 1439 1601 1489 a
1616 1417 1696 1494 Sau·

545 1521 584 1594 lo
600 1520 812 1606 vexabatur,
835 1514 879 1588 ad
888 1513 1054 1610 justitiam
1070 1513 1139 1584 Dei
1155 1511 1263 1607 magis
1282 1529 1383 1602 quam
1399 1510 1440 1581 ad
1454 1518 1599 1606 gratiam
1614 1536 1697 1607 pro.

535 1617 716 1703 uocauit:
742 1614 776 1686 dt
798 1627 886 1687 nutu
900 1613 1012 1682 mortis
1027 1610 1134 1702 magis
1149 1627 1252 1698 quam
1268 1609 1467 1702 contumeliis
1481 1611 1694 1704 angebatur,

448 1718 452 1727 '
533 1711 747 1786 .licet&hae
760 1707 834 1784 non
849 1705 1039 1780 defuerint.
1088 1704 1145 1778 De
1162 1701 1243 1798 suga
1261 1721 1380 1774 coram
1396 1701 1592 1778 Absolomo
1609 1731 1694 1802 quo·

546 1811 661 1886 nunus
689 1807 907 1902 cogitemus,
930 1801 1037 1888 facit,
1062 1797 1156 1893 quod
1177 1795 1363 1872 brevillimi
1377 1819 1419 1872 ea
1434 1799 1544 1874 suerit
1558 1821 1695 1898 tempo·

543 1907 711 1992 ris3cum
728 1903 785 1974 hic
798 1900 996 1972 diuturnior
1011 1899 1203 1968 contumelia
1216 1895 1378 1968 videatur
1392 1895 1573 1972 infinuari:
1591 1897 1694 1993 sunt,

401 2071 405 2079 ,
531 2000 603 2094 ·qui
624 2000 667 2072 ad
689 1996 882 2070 irrisionem
906 1990 984 2066 filiae
1005 1993 1119 2080 Sauli,
1145 1993 1264 2066 uxoris
1286 1990 1451 2078 Davidis,
1477 2015 1558 2067 cum
1574 1995 1693 2071 David

532 2113 665 2173 ‚comm
687 2113 769 2166 arca
790 2090 949 2178 saltaret,
981 2085 1194 2181 respiciunt,
1220 2087 1278 2162 scd
1299 2087 1394 2181 quod
1413 2087 1598 2166 absurdum
1619 2093 1692 2186 est,

544 2188 854 2275 &viamentione
870 2186 1032 2282 dignum.
1133 2205 1135 2212 ·
1730 2211 1735 2216 ·

530 2336 535 2366 2
590 2291 623 2376 §.
639 2284 702 2359 Vl.
764 2305 848 2358 uare
869 2284 956 2358 nilril
979 2280 1153 2376 superest,
1178 2303 1280 2376 quam
1302 2297 1362 2372 ut,
1395 2283 1455 2356 vel
1476 2282 1521 2356 de
1544 2283 1692 2378 Babylo²

541 2383 644 2472 nica,
669 2384 729 2456 vel
785 2381 969 2476 piphanica
990 2379 1188 2454 addidlione
1205 2381 1379 2454 canticum
1394 2379 1689 2475 interpretemur:

541 2479 602 2554 sed
626 2501 711 2554 num
732 2479 775 2554 de
797 2481 873 2567 illa,
902 2500 947 2551 an
968 2476 1060 2564 hac,
1092 2473 1230 2548 difficile
1245 2475 1294 2548 est
1306 2474 1484 2566 judicatu:
1508 2499 1588 2552 crum
1610 2481 1692 2552 eha-

542 2574 691 2651 ralterea
705 2574 811 2653 status
824 2574 1048 2671 loquentium
1062 2572 1150 2646 adeo
1165 2572 1231 2646 smt
1246 2571 1443 2668 generales,
1459 2574 1545 2648 utin
1560 2589 1691 2652 utram-

543 2694 612 2762 que
634 2673 864 2750 conveniant.
910 2671 949 2744 Si
964 2669 1084 2749 ultima
1099 2689 1192 2757 vox,
1215 2671 1267 2742 uti
1282 2683 1367 2744 nota
1384 2666 1615 2744 Masorethica
1629 2673 1690 2746 ha·

543 2766 626 2853 bet,
658 2767 698 2840 fit
720 2767 931 2856 dividenda,
964 2768 998 2840 dt
1021 2765 1191 2843 vertenda
1210 2785 1274 2858 per
1286 2763 1438 2860 superbos
1464 2767 1688 2860 Graecomm,

529 2860 633 2934 baud
662 2859 899 2954 spernendum
926 2863 984 2936 hic
1013 2863 1218 2938 haberemus
1260 2860 1342 2958 Syro
1356 2865 1558 2936 macedonum
1585 2867 1689 2940 crite-

540 2957 652 3031 rium:
677 2955 737 3031 sed
759 2981 840 3050 cuin
860 2959 946 3034 illud
959 2947 1137 3034 incertuni
1150 2957 1210 3047 fit,
1234 2961 1271 3034 in
1287 2977 1332 3033 eo
1349 2959 1475 3053 pedem
1489 2957 1596 3056 figere
1611 2987 1687 3039 non

540 3053 637 3129 licet.
688 3054 745 3128 Ad
767 3055 910 3129 exilium
932 3055 1182 3146 Babylonicum
1201 3079 1268 3130 nos
1289 3073 1407 3130 vocat.
1436 3079 1466 3130 r.
1484 3059 1688 3134 diuturnitas

442 3211 446 3219 .
540 3151 728 3242 irrissonis,
753 3171 830 3243 quae
849 3150 907 3224 hic
918 3151 1018 3228 innui
1032 3152 1193 3241 videtur:
1220 3152 1282 3226 etsi
1298 3151 1341 3224 de
1356 3159 1526 3247 gravitate
1546 3158 1581 3230 dt
1597 3163 1689 3254 copia

541 3247 812 3327 insultationum
833 3247 939 3322 etiam
962 3248 1041 3341 capi
1062 3249 1175 3341 pollet
1203 3247 1308 3337 illud,
1340 3254 1476 3322 multum
1499 3251 1614 3336 [ocimi
1626 3257 1687 3348 su·

523 3370 637 3443 mus„
674 3368 711 3424 a..
729 3344 838 3444 Quod
860 3346 911 3420 nil
931 3342 993 3419 nisi
1031 3351 1151 3420 ratium
1169 3344 1383 3438 inplorent,
1411 3347 1511 3420 &nil
1530 3347 1591 3423 nisi
1609 3355 1686 3426 irri-

522 3439 653 3531 ·ftonem
675 3444 945 3536 tranquillorurn
962 3443 999 3517 &¹
1011 3443 1242 3538 luperborum
1257 3458 1478 3533 memorent,
1503 3468 1686 3542 argumen-

542 3539 611 3621 to,
629 3556 668 3612 ut
690 3542 853 3630 videtur,
886 3563 976 3629 eos,
1018 3563 1088 3635 quo
1118 3558 1280 3634 tempore
1299 3539 1369 3622 ode
1391 3543 1585 3635 composita
1610 3544 1684 3636 est,

540 3629 621 3704 alias
636 3637 840 3712 vexationes
853 3660 928 3712 non
945 3637 1045 3713 fuisse
1060 3651 1243 3730 expertos,
1269 3658 1310 3710 ac
1325 3634 1473 3712 hostium
1489 3640 1685 3733 irrisiones,

521 3725 577 3799 ‚dt
592 3725 851 3816 insultationes,
882 3731 1052 3826 &gratia
1071 3731 1141 3804 Dei
1162 3730 1263 3827 lignis
1277 3732 1437 3807 caraille:
1464 3741 1684 3828 praeteream

487 3877 493 3886 „
519 3819 685 3894 :miseriae
706 3826 796 3902 illius
818 3827 945 3901 llatum
967 3848 1041 3900 non
1063 3825 1125 3900 niss
1147 3825 1299 3921 propter
1314 3843 1442 3922 peccaro
1465 3834 1523 3904 lua
1540 3833 1683 3909 venisse.

515 3912 627 4011 ,Quae
650 3918 773 3994 reolus
793 3925 829 3998 in
851 3923 990 3996 'exilium
1007 3921 1258 4015 Babylonicum
1272 3925 1450 4016 quadrant.
1500 3927 1685 4002 calamitas

535 4011 631 4089 enim
650 4009 909 4110 Epipluurica&
927 4019 1035 4101 aliurn
1048 4041 1089 4098 ec
1100 4033 1212 4118 penae
1227 4035 1373 4118 propter
1387 4039 1533 4116 peccata
1545 4023 1684 4192 iilrliliflfo

721 4157 728 4169 ·
1569 4141 1602 4191 ra
1629 4139 1683 4195 uit
