3984 5159
497 532 571 648 η’
643 571 1009 658 esaan.
1083 574 1273 674 exito
1416 606 1461 681 33

283 760 481 858 finitordem
502 758 536 832 dr
544 756 693 857 justum,
717 761 920 859 nominibus
936 762 1113 861 ssngularis
1126 764 1266 841 numeri
1280 762 1387 856 ufus3
1411 767 1452 842 fr·
1479 831 1481 837 Α
1524 752 1562 845 ⁵.

293 876 354 935 cut
382 860 536 933 tritorum
564 858 672 931 lineas
696 859 811 949 ducit,
849 861 898 955 ita
912 858 1056 957 fingatis
1081 863 1188 952 illud,
1220 865 1451 955 quodmodo

292 959 386 1031 redis
408 957 447 1029 in
468 974 599 1053 genere
620 957 814 1044 tribuerat,
839 956 1001 1055 adsignat.
1053 956 1144 1057 Quae
1165 980 1254 1033 vera
1272 958 1323 1031 est
1340 964 1376 1035 dc
1391 963 1449 1034 ad-

292 1054 454 1141 ditionis,
479 1052 512 1125 &
534 1058 664 1124 numeri
675 1054 801 1126 mutati
816 1054 917 1129 ratio.
967 1054 1077 1144 Sunt,
1104 1055 1164 1147 qui
1187 1078 1252 1149 per
1267 1056 1447 1153 gratiosum

289 1147 524 1244 misericordem
546 1148 581 1220 dr
601 1144 726 1244 justum
748 1150 951 1247 intelligunt
975 1150 1088 1246 ipsum
1114 1152 1256 1237 Deum,
1288 1153 1360 1225 five
1382 1176 1447 1248 per

290 1246 426 1341 ellipsin
449 1245 591 1339 praepof.
624 1274 653 1319 a.
676 1268 697 1318 a
721 1246 816 1339 justo
839 1248 907 1321 &e
923 1248 1017 1336 five,
1041 1253 1144 1321 iucem
1158 1247 1262 1322 restis
1283 1265 1445 1327 exortam

292 1344 406 1439 ipsum
428 1342 544 1417 Deum
562 1343 748 1431 declarari,
770 1343 894 1418 velint.
943 1343 1013 1418 Sed
1040 1366 1094 1431 1.,
1110 1366 1157 1419 ne
1177 1344 1445 1438 impeditiorem

294 1440 375 1517 fieri
388 1441 582 1515 orationem
604 1438 738 1528 dicam,
763 1441 899 1515 nullum
923 1440 1018 1514 adest
1040 1440 1109 1513 Dei
1128 1440 1318 1533 indicium3
1348 1443 1443 1535 quod

293 1536 405 1613 abesse
430 1560 505 1611 non
525 1534 650 1629 posset.
706 1559 740 1609 e.
760 1537 829 1610 illae
848 1536 928 1632 ipsae
952 1538 1136 1631 qualitates
1166 1536 1345 1631 redarum
1358 1562 1444 1613 mox

292 1636 330 1707 in
354 1634 423 1729 se'q.
446 1630 605 1727 expresse
627 1637 879 1708 memorantur.
929 1633 1078 1708 Retiius
1097 1635 1215 1729 itaque
1233 1656 1296 1729 per
1309 1635 1441 1728 adpost-

290 1733 427 1805 tionem
451 1732 629 1803 colraerent
650 1752 732 1804 cum
760 1729 872 1821 reiiir,
903 1731 946 1804 ad
970 1753 1098 1806 eorum
1118 1731 1299 1823 qualitates
1320 1734 1441 1826 depin-

282 1828 432 1925 gendas.
483 1826 571 1901 Cum
593 1844 712 1901 autem
736 1824 871 1914 officia,
904 1850 979 1923 quae
1001 1828 1165 1921 proximo
1182 1827 1371 1917 debemus,
1396 1828 1440 1901 ad

284 1924 449 2023 justitiam
482 1920 776 2016 &beneficentiam
804 1924 929 1997 referri
954 1923 1101 2018 possint,
1142 1947 1294 2017 quorum
1321 1929 1382 1997 ilio
1402 1927 1439 2001 in

289 2044 334 2095 eo
346 2022 411 2095 sita
425 2020 526 2109 funt,
550 2035 592 2093 ut
607 2021 746 2095 alterius
763 2021 1020 2113 persefiionern
1040 2021 1294 2096 &felicitatem
1307 2020 1367 2115 ipfi
1386 2042 1440 2093 re-

289 2122 484 2214 linquamus
500 2118 671 2213 integram
688 2120 723 2191 dc
737 2115 884 2207 salvam,
909 2120 1036 2213 eique,
1063 2115 1264 2212 quodsnum
1280 2116 1439 2204 est,s1ve

290 2218 327 2291 in
357 2216 453 2310 quod
483 2213 678 2289 dominium
709 2214 836 2306 habet,
871 2214 905 2287 de
950 2217 1022 2290 uod
1045 2213 1131 2313 justo
1151 2220 1248 2290 titulo
1269 2214 1436 2310 possidet,

291 2310 505 2395 tribuamus,
546 2315 717 2383 hervero
741 2332 787 2387 eo
809 2240 984 2404 ternod,
1020 2329 1062 2386 ut
1084 2313 1227 2389 alterius
1248 2312 1438 2407 perfeetio-

289 2432 372 2485 nem
389 2409 422 2481 u
442 2407 646 2481 felicitatem
661 2430 870 2504 augeamus,
895 2410 955 2485 vel
970 2423 1138 2498 tueamur,
1155 2431 1196 2483 ac
1211 2412 1436 2500 vindicemus,

287 2507 330 2581 ad
353 2527 429 2601 quoe
452 2528 557 2594 amor,
582 2528 653 2601 quo
676 2506 797 2594 alteri,
823 2506 918 2599 quod
933 2507 1055 2595 nobis,
1082 2506 1266 2594 volumus,
1289 2526 1356 2579 nos
1374 2507 1437 2579 ob·

287 2607 389 2703 ligat:
415 2604 595 2694 utriusque
620 2603 758 2699 generis
782 2600 882 2696 officia
901 2603 959 2675 hic
979 2600 1205 2696 representat
1220 2618 1348 2696 poeta3
1374 2602 1436 2677 ubi

289 2703 404 2779 resins
424 2700 628 2794 adpellat&
651 2696 801 2791 beneficos
826 2699 858 2771 ἃ
876 2696 992 2793 justos.
1041 2695 1246 2773 Beneficum
1270 2712 1377 2773 voeat
1390 2715 1438 2770 te·
1480 2776 1486 2781 ,

289 2804 428 2875 nerrimo
445 2794 575 2889 adfeiin
588 2798 783 2891 preditum,
799 2794 832 2867 te
846 2792 1086 2891 misericordem.
1096 2795 1212 2870 Prima
1226 2818 1319 2887 von,
1329 2815 1436 2889 quam

287 2892 486 2995 gratiosum,
511 2888 681 2981 beneficum
695 2889 947 2988 misericordem,
971 2901 1113 2967 vertere
1128 2890 1262 2983 solent,
1288 2893 1435 2987 proprie

286 3009 466 3069 maternam
485 2995 639 3086 pietaten
656 2988 853 3063 &intimam
868 2991 1115 3065 teneritudinem
1130 2999 1182 3071 rie
1197 2990 1303 3085 sipyne
1319 2991 1435 3084 expri-

285 3094 371 3183 mit,
396 3090 431 3163 &
454 3086 571 3163 sedem
594 3086 836 3185 primigeniam
858 3088 965 3162 habet
986 3086 1023 3162 in
1046 3086 1193 3161 stridulo
1215 3088 1364 3184 gutturis
1382 3086 1435 3161 fo·

284 3212 355 3280 no,
381 3207 486 3280 quem
507 3184 686 3271 animalia,
711 3184 890 3259 adfesium
911 3207 993 3357 erfia
1014 3183 1135 3291 foetus
1150 3182 1228 3257 suos
1242 3179 1435 3280 fignifican·

285 3289 356 3376 tia,
382 3284 509 3357 edunt:
534 3303 650 3373 aquo
672 3278 757 3357 sono
781 3278 899 3357 fidium
920 3304 941 3356 e
999 3283 1150 3356 verbum
1176 3305 1243 3383 pn:
1279 3296 1319 3354 ut
1341 3277 1431 3372 saepe

284 3379 421 3460 notavi.
471 3378 642 3475 Depingit
664 3378 779 3473 itaque
798 3380 1003 3468 hominem,
1028 3379 1089 3470 qui
1107 3399 1197 3453 vero
1212 3378 1247 3451 &
1262 3374 1431 3472 flagrante

284 3498 409 3556 amore
435 3477 605 3579 prpximi,
632 3477 691 3549 vel
711 3476 826 3550 studio
849 3476 886 3557 in
907 3474 1011 3570 ipsius
1031 3475 1259 3562 felicitatem,
1277 3473 1434 3547 ducitur.

287 3574 396 3678 Quod
418 3572 469 3649 est
495 3574 655 3650 omniurn
680 3596 762 3672 erga
782 3574 984 3670 proximum
1006 3571 1203 3648 officiorum
1221 3571 1434 3665 principium

287 3678 323 3755 de
345 3674 454 3748 fons:
493 3692 600 3767 quare
623 3670 716 3745 reste
739 3672 973 3763 praemittitur.
1038 3669 1125 3746 Cum
1149 3690 1239 3742 vero
1260 3668 1317 3742 hic
1335 3689 1435 3759 *arnor

287 3769 360 3848 sese
378 3770 550 3863 inprimis
566 3766 726 3842 exserere
741 3766 870 3855 soleat,
895 3766 1037 3863 quando
1050 3768 1088 3841 in
1103 3762 1252 3854 misero,
1278 3766 1340 3837 vel
1353 3789 1436 3857 pau·

289 3892 398 3967 pere,
424 3866 514 3942 statu
527 3864 685 3941 versatur
702 3865 901 3959 proximus,
926 3865 1002 3938 haec
1018 3862 1237 3937 charitatis&
1251 3863 1438 3937 liberalita-

290 3970 336 4043 tis
357 3966 502 4063 qualitas
524 3968 561 4039 in
584 3962 698 4059 specie
719 3964 946 4059 exprimitur,
972 3962 1035 4036 ubi
1048 3957 1266 4057 misnicordio
1283 3959 1440 4059 adjungi·

277 4082 360 4141 tur.
396 4063 509 4139 Radix
523 4062 637 4141 Hebr.
656 4089 717 4139 ona
728 4061 872 4158 proprie
872 4058 941 4232 I{est
959 4063 1240 4161 comnmodatior
1253 4060 1292 4138 in
1305 4063 1444 4228 discebas}

420 4198 422 4202 ·
868 4204 872 4212 ’
1406 4178 1428 4229 n
