3984 5159
249 954 257 969 '
369 966 542 1055 nignitate
556 962 644 1054 ejas,
669 956 740 1028 sese
759 954 978 1052 benignitatis
1002 956 1093 1030 illius
1114 953 1240 1029 effebla
1256 956 1316 1032 sen

634 312 679 337 fl

647 356 661 383 N.

600 594 664 691 run
734 546 1099 650 rentur.
1170 565 1298 652 cxv.
1477 604 1524 680 7,

266 820 269 826 ·
369 776 468 855 tun,
491 736 829 857 liberationemjam
849 760 977 837 fatiam
997 759 1181 839 manifeste
1202 764 1369 845 indicat·
1396 788 1424 840 e.
1446 763 1522 840 De·
1583 789 1585 792 ·
1678 736 1682 743 ¹
1720 754 1725 761 “

369 866 499 958 nique,
523 864 586 936 ubi
607 876 730 947 orant,
761 876 889 935 utnon
906 856 971 950 fibi
980 854 1043 953 fed
1065 858 1137 931 Deo
1153 863 1245 932 laudi
1258 858 1461 1032 σεόιιῦειζιψενί
1470 866 1519 974 bg-
1639 907 1642 911 -

1370 982 1414 1049 e,
1454 978 1519 1033 atra

370 1056 465 1131 clare
480 1054 648 1133 indicant.
673 1052 829 1127 Tantum
846 1053 992 1140 volunt,
1016 1052 1189 1141 nonsibi,
1206 1051 1269 1125 sed.
1279 1054 1363 1129 Deo
1376 1055 1519 1131 laudem

368 1150 588 1225 liberationis
617 1146 715 1315 sagae
746 1147 814 1221 esse
838 1148 1071 1223 tribuendam.
1129 1146 1297 1224 Formula
1325 1172 1413 1225 uero
1436 1152 1517 1241 illa,

264 1306 266 1309 .
304 1269 307 1277 ¹
369 1270 467 1357 quare
488 1246 629 1319 dicerent
685 1259 772 1318 entes
793 1246 858 1322 &a
877 1247 963 1320 licet
979 1247 1061 1318 alias
1076 1244 1118 1316 ad
1131 1246 1380 1323 liberationem
1396 1251 1517 1323 aDeo

368 1340 870 1437 impetrandamadhibeatur‚
897 1343 954 1414 hic
975 1362 1022 1413 eo
1036 1354 1174 1417 tautum
1191 1344 1328 1433 tendit,
1352 1356 1395 1418 ut
1416 1343 1516 1420 Deus

366 1446 616 1533 permoveatur
638 1438 845 1511 adnominis
862 1436 1083 1519 satiandam,
1111 1459 1177 1531 per
1216 1436 1378 1515 loriosam
1391 1442 1516 1535 populi

367 1533 610 1609 liberationem
633 1531 854 1623 acquisitam,
879 1534 973 1607 inter
990 1532 1125 1605 Gentes
1141 1534 1176 1605 di
1205 1536 1448 1626 eminandam,
1473 1551 1517 1611 ut

368 1628 451 1704 Deo
477 1630 611 1704 Israelis
632 1629 775 1720 ejusque
798 1629 959 1725 religioni
979 1627 1168 1718 insultare,
1193 1632 1289 1725 quod
1309 1632 1420 1707 modo
1431 1649 1515 1707 ante

367 1726 552 1825 gloriosam
567 1726 816 1801 liberationem
830 1723 1014 1815 fecerant,
1038 1722 1207 1800 desinant.
1264 1724 1323 1798 De
1339 1750 1414 1819 quo
1428 1751 1517 1803 mox

367 1823 494 1899 clarius
513 1823 637 1899 dicam.

391 1924 446 2009 ·§.
463 1918 525 1994 lV.
575 1942 610 2010 4.
637 1918 824 2015 Denique,
858 1919 902 1992 ad
920 1920 1116 2017 argumenti
1138 1938 1265 1994 uerum
1290 1916 1517 2016 conspeblum
1547 1966 1558 1975 ν

367 2016 527 2112 pertinet
552 2015 771 2104 observasse,
797 2016 981 2104 lsraelem,
1006 2016 1090 2090 licet
1119 2015 1304 2091 liberatum
1325 2012 1517 2109 apotasta-
1544 2058 1548 2063 ·

365 2130 403 2189 te
421 2112 593 2200 hostium,
618 2114 776 2186 nondum
798 2115 835 2187 in
858 2136 903 2187 eo
925 2110 1016 2187 statu
1033 2102 1134 2187 fuisse
1152 2109 1421 2203 confirmatum,
1445 2134 1515 2189 nee

368 2209 472 2282 liberi
493 2232 535 2283 ac
555 2208 713 2302 prosperi
736 2209 786 2283 sui
808 2208 914 2285 status
941 2208 1069 2283 effecta
1091 2206 1342 2299 consecutum,
1372 2208 1513 2304 quaese·

367 2304 524 2379 cundum
544 2304 705 2399 promissa
729 2305 799 2377 Dei
822 2329 904 2381 cum
926 2326 973 2379 eo
999 2305 1251 2391 cohaerebanta
1292 2320 1449 2381 attamen
1472 2329 1515 2394 ea

368 2403 437 2495 jam
459 2400 624 2476 adluxisie
647 2419 827 2494 tempora,
860 2402 986 2495 quibus
1007 2422 1049 2473 ea
1070 2398 1263 2491 beneficia,
1295 2402 1513 2500 benedictio-

364 2518 448 2573 nem
472 2498 506 2571 bc
526 2498 856 2594 multiplicationem
871 2498 972 2591 supra
984 2497 1102 2571 Patres
1120 2510 1224 2589 puta,
1239 2498 1400 2590 proxime
1415 2497 1513 2570 vide·

266 2656 270 2665 .
361 2613 420 2671 ret
442 2593 704 2689 representare,
730 2595 763 2667 ἃ
779 2595 816 2667 in
835 2592 868 2665 se
887 2594 1025 2669 collata.
1064 2590 1153 2665 Illud
1169 2594 1513 2687 praeterquamquod

251 2778 254 2783 Α
361 2694 510 2787 petitio,
534 2694 575 2763 da
596 2694 734 2785 gloriam
749 2694 961 2779 nominituo,
988 2690 1169 2776 involvat,
1194 2703 1236 2764 ut
1251 2710 1334 2763 mox
1351 2690 1510 2782 patebit,

362 2788 568 2879 promissum
587 2788 630 2859 de
645 2787 851 2858 beneditione
876 2786 947 2858 Dei
961 2786 1063 2879 super
1077 2781 1210 2879 populo
1223 2784 1362 2877 futura,
1380 2787 1415 2859 bc
1428 2790 1511 2871 mul,-

364 2886 566 2975 tipiicatione
592 2903 677 2955 mox
696 2880 878 2973 secutura,
914 2881 1045 2957 ureae
1067 2882 1249 2972 continet,
1281 2881 1374 2958 vers.
1403 2883 1511 2974 12.&

363 2977 432 3072 seq.
703 2988 707 2993 '

336 3090 338 3097 ·
411 3081 442 3166 §.
461 3072 506 3149 V.
530 3074 587 3149 De
607 3074 762 3170 occasune
779 3077 813 3151 u
830 3091 966 3173 tempore
980 3074 1032 3150 Pr
1048 3092 1233 3170 antequam
1247 3098 1369 3174 agam,
1396 3075 1525 3167 &ut,'

363 3194 441 3265 quae
455 3172 498 3245 de
513 3174 710 3270 argumenti
723 3194 812 3249 vero
821 3172 1011 3270 conspebiu
1026 3173 1095 3246 dixi
1105 3174 1274 3263 ‚ulterius
1282 3168 1507 3262 confirmem,

361 3269 456 3343 hunc
480 3268 531 3343 Ps.
554 3292 635 3369 cum
651 3270 828 3365 superiore
848 3274 898 3345 ita
911 3270 980 3343 esse
996 3292 1223 3359 connexum,
1248 3269 1362 3343 notari
1379 3268 1508 3358 velim,

360 3384 402 3441 ut
418 3388 529 3439 unum
543 3388 625 3441 cum
639 3389 684 3439 eo
701 3369 877 3443 canticum
890 3367 1012 3440 faciat:
1023 3367 1107 3442 licet
1120 3388 1216 3441 nunc
1232 3367 1268 3438 in
1283 3364 1505 3440 textullebr.

360 3462 556 3537 Masoreth.
575 3462 645 3539 duo
660 3464 695 3539 &
708 3463 820 3537 divisa
834 3464 900 3537 bnt
912 3462 1058 3537 cantica.
1098 3462 1187 3561 Quae
1203 3458 1404 3556 hypotheus
1420 3458 1516 3549 srcut¹

361 3558 566 3635 Graecorum
583 3564 664 3634 'non
688 3576 824 3635 tantum
847 3559 1108 3651 Interpretum,
1143 3558 1202 3630 sed
1224 3558 1256 3629 o
1279 3560 1508 3653 antiquorum

219 3710 224 3717 .
339 3656 523 3747 leodicum
545 3656 799 3743 uebraeorum,
837 3654 924 3730 teste
944 3653 1119 3743 Eusebio,
1148 3654 1388 3741 &Kimchi0‚
1426 3676 1508 3748 qua·

364 3753 433 3826 lem
454 3754 613 3829 codicem
635 3754 672 3826 in
697 3753 784 3827 Bibl.
813 3751 912 3825 Leid.
941 3754 1049 3826 etiam
1072 3748 1205 3825 exstare
1236 3748 1382 3825 testatur
1414 3752 1506 3826 Coe-

364 3850 481 3941 cejur,
507 3848 713 3925 aubio'ritate
734 3847 804 3923 sese
827 3846 1075 3935 comrnendat3
1102 3847 1151 3919 ita
1167 3850 1293 3939 partim
1321 3870 1365 3920 ex
1390 3844 1508 3921 Helle·

363 3952 476 4045 lujair,
515 3948 627 4037 semel¹
651 3962 786 4021 tanturn
819 3947 854 4021 in
877 3946 928 4019 his
950 3944 1250 4019 duobuscanricis
1270 3945 1505 4035 occurrente,

272 4134 275 4145 ,
362 4050 490 4144 partim
513 4066 558 4119 ex
576 4045 777 4141 ¹argumenti
795 4042 978 4213 vicinitaltg
1001 4042 1110 4120 robur
1131 4043 1292 4137 acquirit.
1347 4040 1508 4151 Tantum

1417 4158 1513 4213 emm
