3984 5159
522 609 589 664 au
659 586 687 662 P
735 585 760 661 S
805 588 843 663 A
888 585 922 666 L
969 589 1025 668 M.
1106 587 1256 672 CXIX.
1390 602 1459 698 169

298 791 393 854 runt.
442 774 532 862 Sed,
575 769 671 866 quod
691 771 808 846 notari
830 784 1008 860 meretur,
1038 775 1292 868 persecutionis
1319 775 1458 870 fidei&

299 876 439 971 pietatis
464 869 585 959 causa,
619 869 713 964 quod
738 869 900 943 nonnulli
914 884 1062 962 putant,
1086 877 1224 950 nullum
1241 875 1354 950 exstat
1369 876 1457 950 indi·

299 977 405 1046 cium.
455 969 526 1042 Dei
543 967 638 1042 enirn
654 987 838 1066 amorem,
864 967 997 1062 &legis
1012 966 1184 1059 studium,
1205 973 1244 1046 in
1257 973 1380 1047 mediis
1398 972 1458 1046 ad·

252 1105 260 1116 ·
298 1067 511 1143 flitlionibus
528 1079 729 1152 retentum,
754 1085 828 1136 non
844 1062 926 1136 ideo
944 1078 1141 1156 memorat,
1168 1069 1264 1159 quod
1283 1072 1359 1161 ejus
1374 1091 1456 1144 cau·

300 1167 334 1240 sa
349 1165 459 1238 suerit
473 1161 649 1251 adflibtus,
674 1159 735 1235 sed
751 1175 792 1233 ut
808 1159 849 1232 se
859 1159 1112 1252 innocentem,
1135 1162 1348 1260 dignumque
1358 1165 1454 1256 else,

198 1321 200 1326 .
290 1285 410 1356 quem
431 1261 529 1333 Deus
553 1259 698 1352 eripiat,
723 1255 823 1332 simul
841 1253 875 1328 se
899 1279 919 1330 a
942 1258 1074 1351 pietate
1088 1259 1175 1333 nihil
1190 1261 1371 1352 remifille,
1396 1263 1456 1337 de·

298 1361 408 1451 nique
423 1377 484 1450 per
502 1356 586 1454 legis
600 1355 751 1429 studium
762 1354 818 1441 ,&
831 1349 1078 1447 promissorum
1086 1359 1156 1431 Dei
1170 1357 1453 1448 meditationem,

303 1455 474 1548 contiuuo
491 1453 524 1525 se
540 1451 706 1540 erexisse,
717 1467 755 1526 et
765 1450 986 1526 consolatum
996 1451 1334 1542 suisse,declararet.
1345 1455 1455 1554 Quod
1563 1483 1567 1493 ¹

302 1551 451 1644 cuique,
462 1548 712 1624 Psalmumfine
727 1548 929 1645 prejudicio
945 1550 1229 1646 legenti,sp0ute
1243 1551 1302 1625 sua
1316 1553 1390 1626 sese
1397 1555 1456 1626 ad·
1525 1567 1528 1574 ·

304 1648 480 1744 probabit.
545 1644 691 1738 Insuper
724 1643 903 1718 observari
930 1660 1121 1736 meretur,
1165 1648 1454 1742 persecutionem

302 1745 403 1820 fuisse
425 1767 499 1818 non
522 1743 661 1830 breuis,
695 1740 753 1814 sed
782 1739 861 1816 satis
885 1743 981 1840 longi
1005 1745 1196 1837 temporis,
1229 1746 1320 1821 vers.
1349 1750 1390 1822 81
1416 1762 1454 1823 et

178 1906 197 1928 ,
299 1845 396 1938 seq.,
420 1861 458 1918 et
484 1841 582 1916 forte
604 1841 648 1913 ab
662 1861 735 1914 uno
752 1837 918 1928 homine,
945 1857 1107 1933 tanquam
1124 1842 1291 1936 primario
1304 1861 1453 1933 autore,

297 1959 434 2027 ortamt
460 1937 548 2012 vers.
580 1957 660 2029 134.
684 1936 747 2010 ubi
764 1933 911 2032 oppreffio
934 1939 1072 2011 bominis
1094 1955 1331 2031 memoratur„
1363 1957 1453 2014 atta·

296 2061 382 2114 men
402 2027 547 2111 subinde
570 2032 826 2120 intermissam,
866 2048 904 2108 et
927 2032 1151 2132 siugulanbus
1172 2037 1388 2112 liberationis
1411 2059 1453 2112 ac
1542 2103 1546 2110 .

264 2127 273 2140 '
299 2133 437 2219 favoris
458 2133 529 2208 Dei
549 2129 797 2226 speciminibus
817 2129 1090 2222 interstinuam,
1121 2133 1212 2207 vers
1235 2138 1293 2223 65.
1321 2150 1357 2207 et
1380 2136 1451 2228 leq.

300 2254 337 2324 3.
363 2230 527 2322 Denique
549 2228 762 2322 adtemporis
783 2227 947 2303 notitiam
969 2230 1055 2303 facit
1071 2230 1224 2318 notasse,
1250 2230 1335 2303 illud
1350 2230 1452 2307 fuisse
1541 2226 1545 2232 ⁴

303 2325 407 2400 valde
420 2340 649 2420 corruptum
682 2339 852 2418 quatenus
873 2327 978 2420 leges.
992 2325 1064 2398 Dei
1084 2327 1345 2419 palamfuerint
1358 2328 1452 2421 spre-¹

293 2441 348 2518 tae
364 2437 403 2497 et
423 2423 581 2511 violatae,
614 2423 664 2496 ita
685 2437 726 2496 ut
748 2421 836 2492 ferri
859 2419 976 2495 aDeo
996 2424 1142 2514 amplius
1156 2441 1328 2515 nequeat:
1354 2424 1451 2516 quod

160 2542 163 2548 ‘
299 2543 345 2595 ex
364 2519 452 2594 vers.
472 2521 549 2594 126.
565 2518 721 2611 inprimis
738 2517 860 2614 colligi
876 2515 973 2610 polle
993 2519 1144 2595 videtur.

346 2624 378 2711 §.
400 2616 465 2692 IV.
492 2616 549 2690 De
577 2629 689 2689 autore
710 2614 837 2691 cantici
858 2614 943 2690 licet
965 2616 1051 2689 nihil
1071 2638 1138 2712 pro
1156 2630 1259 2692 certo
1273 2613 1451 2694 adfirmari

296 2715 420 2812 polilt,
453 2737 535 2790 cum
558 2714 632 2806 ejus
660 2734 794 2787 nomen
817 2710 1029 2805 reticeatur,
1066 2713 1194 2788 cunila
1215 2729 1334 2790 tamen
1361 2715 1452 2790 mihi
1531 2715 1536 2722 ’

291 2809 389 2892 ,adeo
412 2811 539 2904 spirare
554 2812 720 2885 videntur
734 2807 931 2896 Davidem,
955 2825 1018 2900 ut,
1032 2811 1077 2885 ab
1091 2812 1332 2889 eocauticum
1345 2811 1449 2888 fuisse

298 2907 557 3002 compositum,
595 2929 670 3002 que
693 2908 834 3005 vulgata
855 2925 999 3000 quoque
1017 2906 1071 2982 est
1089 2908 1239 3005 opinio,
1265 2913 1461 3004 plusquam

295 3004 481 3101 probabile
495 3003 651 3080 habeam.
708 3004 869 3080 Studium
884 3004 989 3102 legis,
1012 3027 1084 3098 quo
1097 3005 1445 3104 flagravit,utiPs.r
1541 3057 1554 3080 .
1592 3043 1596 3050 ·

295 3121 335 3178 et
349 3125 428 3177 xix.
437 3124 585 3196 -quoque
599 3099 858 3196 expectoravim
870 3101 1114 3180 innocentiam
1128 3107 1229 3192 vitu,
1244 3105 1448 3198 puritatem-

239 3265 241 3270 .
294 3215 362 3296 que
383 3222 542 3287 morum,
557 3198 601 3273 ad
615 3221 777 3274 normam
789 3199 875 3294 legis
888 3199 1050 3291 Divinae,
1075 3223 1177 3295 quam
1191 3203 1320 3294 ubique
1337 3200 1446 3274 etiam

201 3335 203 3340 v
296 3301 338 3374 iu
357 3297 481 3373 mediis
501 3294 754 3372 adflictionibus
779 3293 958 3391 praestitit,
992 3321 1167 3392 quamque
1190 3299 1264 3392 ipse
1276 3299 1391 3393 palam
1406 3309 1446 3370 et

296 3417 418 3472 corum
439 3393 523 3468 Deo
547 3393 608 3466 srbi
630 3393 826 3483 adtribuit,
843 3391 894 3468 Ps.
910 3415 1017 3483 xv111,
1033 3417 1132 3472 xxvr.
1152 3417 1291 3470 cxxxix.
1313 3414 1351 3468 et
1364 3392 1447 3466 alibi

295 3492 405 3586 sepe,
432 3488 649 3565 consortium
658 3490 799 3584 piorum
814 3505 852 3565 et
869 3490 954 3588 legis
970 3489 1225 3581 studiosorum,
1250 3492 1368 3586 quod,
1382 3493 1446 3568 im·

296 3589 362 3684 piis
378 3586 497 3676 missis,
522 3585 666 3661 sublatus
681 3586 752 3677 est,
778 3587 833 3660 uti
853 3585 904 3661 Ps.
924 3610 940 3660 r
960 3603 999 3660 et
1016 3610 1124 3664 xxvr.
1140 3608 1281 3682 quoque
1294 3589 1446 3664 declara-

297 3689 373 3774 vit,
400 3683 684 3779 persecutiones,
707 3707 790 3779 quas
814 3705 835 3757 a
859 3687 964 3760 :aulo
985 3699 1024 3759 et
1040 3688 1160 3760 aulicis
1174 3683 1284 3780 passus
1300 3685 1372 3778 est,
1398 3688 1444 3761 de

236 3815 237 3818 Ν
297 3785 425 3878 quibus
446 3781 549 3880 variis
564 3783 601 3855 in
614 3779 751 3858 Psalmis
766 3781 977 3877 conquestus
994 3781 1066 3871 est,
1089 3780 1272 3878 promiffa,
1289 3807 1367 3878 quae
1384 3784 1447 3878 ipfi

300 3904 320 3952 a
344 3880 427 3952 Deo
448 3875 534 3951 satta
558 3877 655 3968 sunt,
693 3879 737 3952 ad
760 3902 837 3973 quae
860 3881 948 3975 saepe
969 3894 1146 3974 provocat
1160 3927 1183 3969 ,-
1213 3881 1335 3956 titulus
1348 3881 1445 3976 serui

299 3975 390 4062 Dei,
415 3998 488 4069 quo
508 3974 543 4048 se
563 3975 679 4070 pallini
702 3974 861 4074 insignit,
905 3978 1057 4071 denique
1078 3977 1272 4074 inprobitas
1291 3979 1386 4052 Sauli
1407 3994 1445 4056 et

300 4071 499 4163 sociorum,
524 4087 581 4150 tot
602 4073 846 4170 speciminibus
868 4077 1121 4244 coprprobata,
1151 4091 1188 4152 et
1201 4074 1291 4172 supe
1309 4077 1345 4152 in
1361 4077 1447 4188 Psal-

394 4233 399 4241 .
678 4231 679 4236 κ
1103 4221 1107 4228 ·
1383 4195 1449 4253 nus
