3984 5159
560 407 1843 596 ,aacorrotuttn'nrttus,1

615 684 673 756 ab
693 673 860 754 omnibus
877 669 1110 773 agnoscatur,
1140 671 1180 746 in
1211 669 1406 766 posteriore
1433 690 1616 752 tamena
1639 675 1794 764 nonnulis
1842 745 1844 766 ,

630 779 800 874 negatur,
829 772 891 867 qui
913 785 1062 866 putant,
1083 766 1104 862 J
1107 765 1223 842 udaeos
1242 769 1516 865 Hierosolymae
1534 775 1617 866 jam
1641 771 1796 848 versantes

631 872 832 960 introduci,
861 869 950 945 vers.
973 888 1009 959 5.
1030 867 1064 940 δι
1088 865 1158 959 seq.
1191 868 1271 959 quia
1292 889 1370 943 earn
1391 869 1675 963 adloquuntur.
1727 869 1795 968 Qua

634 967 861 1066 hypothesis,
887 980 1119 1060 preterquam
1139 963 1234 1056 quod
1256 963 1408 1040 sublesto
1430 967 1590 1043 nitatur
1611 967 1794 1042 fundamen·

635 1084 698 1158 to,
720 1088 804 1177 cum
821 1063 937 1138 sermo
957 1063 1002 1134 ab
1023 1059 1222 1134 absentibus
1247 1083 1346 1174 eque
1363 1083 1404 1135 ac
1418 1063 1678 1175 praesentibus
1692 1065 1732 1137 ad
1743 1085 1795 1136 me
1844 1087 1845 1160 l

636 1165 798 1360 silli
817 1155 1793 1362 tttt.lll;l}.²l,lglt¹.,l.⁰ltstifft.llil:
1844 1281 1845 1290 ψ

641 1361 702 1454 qui
721 1360 760 1432 in
779 1352 1036 1464 antecedente,
1061 1351 1254 1444 loquantur
1270 1353 1307 1426 in
1322 1353 1606 1447 consequente:
1631 1355 1727 1428 nullo
1737 1373 1793 1426 mu·
1845 1326 1846 1366 Ν

550 1542 553 1550 ,
643 1466 728 1533 tatae
749 1451 909 1548 personae
931 1449 1064 1524 mdrcro
1084 1445 1156 1522 sese
1179 1445 1371 1524 offerente.
1416 1449 1792 1546 ntemplatione
1845 1489 1846 1538 ,

644 1549 851 1650 significatui
878 1546 982 1620 verbi
1013 1545 1163 1618 oblivisci
1192 1544 1280 1620 vers.
1297 1567 1332 1636 5.
1371 1569 1445 1622 non
1477 1549 1693 1636 convenit3
1741 1541 1794 1618 uod
1845 1541 1846 1544 ‘

646 1654 685 1727 in
705 1644 863 1729 absentes
877 1641 1003 1716 reiiius
1018 1639 1174 1734 quadrat.
1208 1662 1240 1734 3.
1258 1665 1379 1718 avero
1394 1643 1497 1718 sensu
1515 1570 1743 1740 puratos]

647 1741 836 1842 adscendero
867 1735 1127 1834 Hierosolymam
1161 1735 1249 1812 vers.
1278 1740 1313 1814 6.
1328 1789 1340 1830 ,
1354 1801 1358 1810 .
1372 1743 1541 1832 aberrat,
1587 1756 1634 1818 ut
1656 1739 1715 1814 suo
1731 1739 1791 1810 loeo

648 1842 798 1942 patebit.
848 1858 883 1929 4.
903 1857 987 1911 cum
1010 1833 1287 1930 imprecatione,
1313 1837 1473 1912 ldumaeis
1493 1838 1534 1912 dc
1551 1831 1791 1930 Babyloniissa·

639 1939 727 2029 -ea,
748 1932 928 2012 conciliari
946 1931 1091 2028 uequit,
1122 1953 1203 2008 cum
1229 1932 1307 2007 illos
1328 1935 1442 2008 adhuc
1454 1957 1537 2010 non
1555 1935 1666 2012 fuiffe
1679 1931 1793 2028 punitos

651 2037 798 2112 indicet.
855 2031 913 2102 De
936 2051 1010 2122 quo
1032 2029 1139 2104 etiam
1155 2026 1290 2122 postea
1346 2035 1381 2117 β.
1404 2029 1543 2106 Exules
1568 2035 1633 2108 hic
1655 2025 1791 2110 describi,

655 2141 824 2221 tanquam
844 2125 1008 2200 solennes
1028 2125 1298 2220 jejuniorum&
1319 2125 1531 2204 luuusuies
1553 2134 1597 2206 in
1612 2125 1791 2206 memoriam

656 2225 797 2302 Tsronis
827 2219 1045 2298 celebrantes
1080 2223 1118 2298 in
1152 2222 1355 2315 babylonia.
1458 2247 1508 2301 uo
1542 2251 1616 2304 nos
1639 2214 1792 2301 mansue

653 2305 781 2413 ducit,
808 2317 905 2418 quod
919 2320 1022 2417 juxto
1036 2319 1165 2414 fluvios
1185 2319 1319 2396 Bab'elis
1343 2319 1414 2396 sedi
1443 2343 1462 2395 e
1483 2324 1520 2398 dc
1543 2321 1684 2399 flevisse
1703 2317 1794 2391 dicun·

659 2413 1791 2595 tntlllsnlltl‘tssllt..illstsbll‘lutl·

662 2637 732 2693 nec
752 2615 823 2690 alio
844 2566 970 2686 referri
992 2607 1132 2705 potest,
1156 2611 1251 2703 quod
1266 2609 1513 2706 jartu'fluoior
1536 2615 1576 2690 id
1590 2539 1793 2694 fegceriubss’

664 2714 814 2787 citharas
828 2729 848 2782 e
854 2707 1015 2804 salicibus
1028 2709 1076 2781 ibi
1081 2707 1331 2805 suspenderint,
1340 2723 1381 2784 ut
1395 2732 1480 2786 mox
1489 2706 1793 2806 patebitzderuqm

666 2808 765 2900 quod
784 2805 944 2891 additur,
969 2827 1067 2902 quum
1086 2803 1332 2878 recordabamur
1363 2803 1509 2901 Tfionis,
1535 2790 1792 2888 manifestanda
1843 2870 1844 2874 ,

667 2917 746 2991 cat,
770 2899 857 2972 illud
877 2899 1010 2976 fastum
1034 2899 1103 2972 elle
1127 2900 1164 2975 in
1187 2908 1371 2976 memoriam
1398 2902 1547 2999 Tſsonts,
1583 2889 1793 2982 nuncdetn
1844 2924 1847 2994 r

669 2997 768 3088 eta,
804 2996 965 3087 adeoque
999 3005 1162 3088 tempore·
1188 2995 1304 3088 stato,
1342 3001 1437 3093 quod
1458 3004 1495 3078 in
1516 3007 1596 3097 ejus
1613 2987 1792 3077 ‘memoriam
1843 2995 1844 3042 l

1748 1661 1794 1712 nos

671 3113 749 3174 erat
764 3091 974 3170 institutum.
1009 3090 1319 3284 Juemadmodum
1341 3117 1388 3171 eo
1403 3096 1503 3174 sensu
1517 3101 1647 3176 Paulus
1660 3091 1747 3178 vult,
1764 3089 1795 3151 lt

674 3191 797 3288 Christi
812 3188 1003 3266 commanis
1034 3193 1168 3261 oscitari
1187 3187 1286 3287 effero
1300 3181 1450 3268 memores
1467 3196 1667 3292 Christiani,
1691 3181 1792 3261 aliu
1842 3187 1843 3199 ¹

572 3302 582 3312 “
672 3294 714 3371 ri:
731 3295 763 3370 8.
814 3287 874 3362 De
890 3296 968 3382 'quo
987 3284 1195 3397 etiammox
1210 3287 1322 3380 plura.
1370 3321 1405 3386 γ.
1428 3291 1600 3371 Praeterea
1614 3277 1795 3388 aspirato
1842 3332 1845 3390 s

674 3413 756 3467 rum
777 3387 916 3464 dierum
945 3385 1223 3460 celebrationem
1253 3384 1360 3458 abiis
1384 3385 1510 3466 fatiam
1543 3415 1630 3468 mox
1658 3387 1699 3461 ab
1715 3381 1792 3478 irruo

676 3484 857 3562 destmuae
872 3480 1147 3578 Hierosolyma,
1175 3481 1391 3578 &deinceps
1403 3489 1657 3564 continuatam.
1681 3477 1796 3553 Menuo

679 3578 1041 3673 dioillierosolymae,
1074 3577 1163 3653 vers.
1186 3601 1221 3674 7.
1251 3579 1344 3654 clare
1368 3581 1517 3673 indicat,
1551 3587 1625 3678 ejus
1645 3568 1791 3674 excidium

678 3676 751 3769 jam
773 3692 858 3748 tunc
879 3674 981 3748 fuiss‘e
1004 3673 1154 3749 fanum:
1188 3697 1260 3768 quo
1283 3681 1389 3753 etiam
1411 3682 1596 3774 epitheton
1619 3670 1793 3767 Bubylonro·

681 3776 782 3857 rum,
806 3792 878 3861 quo
900 3772 1058 3844 abauores
1078 3769 1302 3861 Judaeorum,
1328 3773 1418 3852 vers.
1435 3800 1468 3856 a.
1489 3779 1523 3853 dc
1543 3771 1757 3874 vastaturos?

685 3873 718 3952 8.
741 3864 980 3957 adpellantur,
1006 3867 1098 3939 clare
1117 3865 1226 3941 ducit.
1275 3870 1362 3960 Sed,
1379 3895 1465 3949 mox
1482 3892 1673 3974 arempore
1687 3854 1790 3959 aebu-

683 3963 747 4083 §iae
765 3960 1026 4056 ffiewsolymae
1052 3961 1219 4065 incepisse
1251 3964 1316 4045 hos
1339 3969 1442 4064 dies,
1481 3977 1594 4074 arguit
1615 3963 1790 4139 imffiefflzf}
