3984 5159
572 450 643 542 ,aa
740 375 1567 526 co'nuuuranrus

582 625 752 708 bonitatis
766 586 836 698 Dei
851 616 1062 716 specimina,
1079 617 1214 692 mundo
1228 617 1262 692 δι
1276 620 1413 715 populo
1429 618 1499 692 Dei
1517 615 1695 713 praestita,
1719 618 1759 694 dt

460 807 470 824 ‚
585 719 673 806 olim
690 726 726 799 dt
740 743 858 810 nunc,
882 719 967 792 &in
988 731 1203 808 perpetuum
1221 715 1480 806 continuanda3
1508 733 1679 812 praterea
1694 739 1761 790 va·

586 824 706 904 nitatis
728 822 906 897 idolorum
929 815 964 888 dt
989 811 1197 887 idololatriae
1215 815 1471 890 couseffionem
1488 815 1521 888 u
1536 811 1760 888 demonstra·

588 927 753 1010 tionem,
786 935 857 990 una
889 931 973 987 cum
1000 931 1127 986 eorum
1150 911 1285 1003 exitio,
1323 914 1384 1007 qui
1409 914 1442 986 ei
1469 911 1608 985 fuerint
1631 911 1760 986 dediti.

589 1023 703 1098 Poeta
724 1015 849 1108 incipit
871 1032 954 1085 cum
980 1009 1046 1082 hac
1066 1009 1339 1102 adhortatione,
1366 1011 1399 1084 dc
1422 1009 1459 1084 in
1472 1033 1513 1084 ea
1529 1007 1677 1098 desinit,
1704 1030 1763 1081 ra-

590 1120 708 1202 tiones
732 1124 921 1192 moventes
945 1106 1059 1181 verbo
1083 1123 1221 1182 tantum
1242 1121 1439 1197 memorat,
1468 1107 1582 1181 sedin
1600 1104 1764 1180 formula

592 1211 757 1292 laudandi
776 1204 1027 1304 suppeditanda
1043 1205 1215 1299 prolixior
1230 1203 1302 1294 ell,
1326 1205 1457 1299 quippe
1474 1225 1552 1299 quae
1566 1203 1761 1278 maximam

595 1315 633 1391 ἀ
655 1307 869 1404 praecipuam
890 1301 1020 1378 cantici
1042 1302 1225 1380 materiam
1244 1301 1445 1379 coustituit:
1473 1318 1514 1376 ut
1527 1301 1676 1396 sequeus
1691 1315 1763 1374 tra·

595 1409 703 1487 statio
723 1403 880 1479 docebit.
1585 1470 1588 1478 .

617 1513 679 1598 ‘·§.
694 1505 738 1580 ll.
764 1501 876 1603 Quod
905 1517 1152 1601 argumentum
1176 1515 1218 1578 ut
1246 1502 1342 1578 reste
1363 1501 1598 1601 intelligatur,
1631 1513 1764 1576 notan·

602 1606 688 1680 dum
704 1601 774 1691 est,
826 1623 858 1674 r.
881 1601 1077 1693 Populum,
1101 1599 1146 1670 ad
1171 1619 1277 1691 quem
1300 1600 1416 1676 sermo
1438 1600 1616 1698 dirigitur,
1649 1597 1792 1692 distri·

604 1704 669 1788 bui
691 1700 729 1780 in
756 1699 903 1774 domum
922 1694 1080 1784 Israelis,
1114 1694 1266 1770 Aaronis
1291 1698 1453 1786 delevi,
1479 1717 1520 1772 ac
1537 1695 1764 1792 proselytos,

608 1807 760 1886 timenter
781 1793 919 1895 Jelouae
939 1789 1069 1883 diuos,
1094 1794 1191 1868 nulla
1211 1796 1393 1870 mentione
1417 1815 1542 1892 regum
1562 1811 1624 1870 aur
1637 1792 1767 1887 princi·

607 1921 697 1998 purp
719 1892 831 1982 satia,
855 1913 893 1965 ar
978 1905 1088 1982 ento,
1114 1889 1281 1967 summam
1302 1914 1421 1968 rerum
1439 1893 1508 1965 hoc
1523 1904 1689 1988 tempore
1704 1911 1770 1985 pe·

609 1986 676 2074 ue's'
694 1991 870 2070 ministros
892 1993 1009 2064 lacros
1033 1990 1069 2064 in
1091 2012 1167 2084 rep.
1192 1989 1226 2065 ἃ
1248 1987 1402 2063 Ecclefia
1417 1987 1539 2079 fuisse,
1561 1987 1768 2084 &proselp

695 2090 789 2163 haud
816 2090 946 2184 exiguo
966 2086 1068 2161 fuisse
1097 2109 1247 2164 numero
1274 2089 1368 2166 inter
1399 2085 1599 2162 Israelitas'
1641 2109 1676 2160 a.
1697 2087 1770 2160 Re·

692 2185 815 2260 sentari
837 2185 1225 2282 pratereapopulum,
1254 2203 1420 2281 tanquam
1444 2187 1488 2259 ab
1505 2184 1605 2260 omni
1620 2183 1770 2258 idolola-

614 2287 683 2362 tria
705 2283 886 2374 alienum,
928 2286 981 2358 uti
1009 2305 1053 2357 ex
1071 2284 1226 2359 formula
1246 2283 1364 2358 Deum
1389 2283 1571 2372 laudandi,
1610 2305 1687 2378 quae
1707 2281 1773 2377 ipli

616 2381 882 2482 prescribitur,
911 2379 1137 2472 manifestum
1157 2379 1230 2470 est,
1263 2403 1346 2462 cum
1365 2379 1466 2476 Deus
1485 2383 1524 2456 in
1549 2401 1591 2454 ea
1610 2381 1773 2454 celebre·

615 2497 695 2571 tur,
720 2496 886 2576 tanquam
910 2480 1001 2554 solus
1024 2476 1149 2569 Deus,
1180 2477 1361 2574 supremus
1382 2477 1500 2554 redtor
1522 2477 1697 2569 uniuersi,
1736 2479 1773 2552 dc

616 2579 783 2655 Ecclesiae
814 2577 1041 2662 servaturae
1070 2575 1199 2650 vindex
1220 2573 1496 2671 potentillimus,
1536 2577 1621 2649 idola
1643 2575 1774 2650 diserte

618 2693 785 2769 tanquam
802 2698 892 2748 vana
910 2673 1165 2768 prostituantur
1179 2695 1260 2749 curn
1279 2695 1404 2748 eorum
1423 2673 1631 2748 cultoribus.
1657 2697 1689 2769 3.
1701 2671 1775 2746 De-

620 2774 729 2865 nique
751 2773 929 2864 populum·
951 2771 1013 2845 lric-
1036 2769 1128 2860 sisti,
1171 2787 1337 2866 tanquam
1361 2770 1615 2863 Hierosolymis
1636 2771 1779 2869 religio·

622 2889 708 2947 nem
740 2883 989 2956 exercentem,
1030 2889 1117 2961 pace
1150 2867 1441 2966 &prosperitate
1471 2869 1707 2967 gaudentem,
1742 2869 1779 2942 dr

623 2987 708 3041 cum
731 2961 872 3060 publica
891 2963 1069 3060 idolorum
1092 2963 1312 3041 tradudiione
1356 2965 1486 3041 loriose
1507 2989 1548 3040 ac
1570 2967 1779 3041 miraculose

624 3066 664 3140 in
686 3062 887 3172 libertatem
907 3058 1127 3135 vindicatum
1144 3063 1270 3137 aDeo.
1322 2989 1557 3158 lgraeterquam
1572 3065 1668 3158 quod
1685 3063 1782 3138 nulla

625 3175 691 3240 aut
718 3156 921 3234 calamitatis
948 3170 1011 3231 aut
1062 3158 1185 3232 ericuli
1212 3157 1274 3236 fiat
1299 3161 1457 3250 mentio,
1491 3185 1524 3236 a.
1545 3162 1715 3236 excitatio
1736 3158 1781 3233 ad

623 3258 897 3356 jubilationem,
916 3253 949 3329 dt
964 3178 1205 3331 laudationem
1221 3255 1313 3348 Dei,
1338 3255 1426 3330 illud
1440 3281 1507 3352 pro
1523 3259 1708 3351 hypothesi
1722 3258 1781 3340 ha·

626 3357 705 3434 bet.
755 3359 784 3429 l.
810 3351 917 3430 Ratio
936 3373 1079 3447 quoque
1103 3375 1275 3444 movens,
1308 3357 1509 3432 abonitate
1529 3357 1622 3445 Dei,
1661 3356 1780 3432 &ele-

629 3453 747 3529 itione
770 3451 904 3528 israelis
926 3451 964 3526 in
987 3451 1193 3546 peculium,
1217 3454 1327 3546 petita
1347 3451 1497 3543 indicat,
1523 3453 1694 3548 populum
1714 3453 1786 3531 hoc

629 3561 795 3642 tempore
816 3550 1000 3644 utriusque
1014 3549 1105 3647 figna
1121 3551 1155 3624 dt
1172 3549 1297 3626 effecta
1311 3552 1475 3645 experiri.
1514 3574 1541 3625 e.
1558 3549 1713 3624 Formula
1729 3549 1785 3622 de-

631 3644 741 3736 nique
769 3647 977 3722 laudationis
1001 3645 1071 3720 Dei
1096 3647 1188 3722 haud
1209 3669 1320 3739 unum
1344 3649 1420 3740 eius
1444 3647 1551 3723 status
1576 3650 1712 3743 praebet
1732 3648 1785 3722 in·

633 3737 785 3828 dicium,
817 3743 854 3814 in
875 3741 1027 3817 vinditta
1049 3745 1093 3815 ab
1117 3746 1304 3839 Aegyptiis
1327 3743 1465 3835 sumta,
1490 3746 1706 3841 populorum
1725 3746 1786 3819 ho·

635 3832 764 3936 stilium
790 3851 885 3912 trans
903 3841 939 3913 dc
961 3838 1012 3912 cis
1031 3835 1223 3930 Jordanem
1243 3839 1513 3939 subiugatione,
1554 3840 1787 3918 &Cananaem

635 3929 807 4048 divisione
836 3935 938 4045 inter⁸
962 3935 1138 4030 Israelitas
1160 3937 1198 4017 iu
1224 3955 1435 4054 perpetuam
1459 3937 1722 4039 possesionem,
1750 3941 1789 4052 in

1359 4075 1360 4078 κ
1681 4059 1789 4115 noma.
