3984 5159
435 670 510 729 ra
585 630 952 738 rsatit
1026 638 1330 761 cromanae.
1395 697 1467 777 203
1547 758 1599 793 ⁸.
1741 686 1751 708 ·

306 866 376 941 que
396 866 497 943 aptus
517 842 616 935 sum,
642 843 702 939 qul
723 842 926 939 sapientiam
949 840 985 917 dr
1005 844 1226 938 prudentiam
1251 874 1272 928 a
1292 869 1330 931 te
1344 855 1465 933 conse·

236 950 260 1039 g
308 967 421 1039 quar,
445 966 527 1021 cum
548 943 644 1040 quod
658 958 724 1017 tuo
740 940 860 1016 dudtui
874 962 933 1015 me
947 942 1095 1033 tradidi,
1120 944 1153 1018 u
1175 947 1294 1027 servus
1308 954 1383 1029 sum
1399 956 1464 1032 tibi

309 1040 558 1138 obsequiosus,
582 1057 659 1117 tum
677 1053 854 1136 praecepta
877 1052 960 1128 tua,
987 1038 1080 1115 bene
1095 1040 1299 1136 intelledla‚
1322 1052 1463 1146 adplici.

306 1153 345 1215 ta
359 1141 403 1213 ad
419 1160 545 1213 omnes
559 1138 679 1226 casus,
704 1134 1165 1231 &observata,sapientem
1180 1163 1239 1219 me
1257 1144 1291 1219 dr
1310 1150 1461 1240 pruden-

217 1302 226 1312 .
304 1251 381 1313 tem
410 1237 560 1309 reddere
585 1251 727 1331 queant.
791 1234 953 1311 Verbum
983 1260 1059 1329 poten
1072 1238 1217 1335 proprie
1244 1240 1313 1316 else
1324 1240 1463 1339 firmum

304 1328 448 1431 greffm
456 1329 594 1424 farne,
618 1348 745 1407 notum
757 1332 828 1424 jam
842 1329 930 1501 estg
948 1329 1137 1429 Antequam
1152 1334 1301 1433 afflatu
1313 1338 1462 1433 fuerim,

305 1433 486 1526 implicitus
498 1433 673 1519 aberravi,
689 1427 748 1524 sed
763 1452 850 1503 nunc
864 1429 898 1501 di
928 1451 983 1502 unt
1000 1442 1092 1503 taum
1105 1430 1237 1527 olrsnuo
1249 1435 1352 1535 (ante
1371 1440 1462 1517 hanc

307 1548 425 1603 meam
453 1525 709 1614 adllidlionem,
742 1548 762 1599 a
783 1547 852 1620 qua
874 1546 972 1601 nunc
992 1526 1159 1603 liberatus
1181 1530 1275 1622 firm,
1308 1558 1376 1629 qua
1392 1534 1461 1629 tif.

236 1704 241 1712 ,
301 1621 423 1720 fluxi,
462 1624 628 1699 omnibus
649 1622 751 1698 bonis
771 1624 806 1698 dc
828 1624 957 1718 opibus
977 1625 1156 1718 privatus,
1188 1629 1286 1721 quod
1315 1634 1460 1727 proprie

213 1734 220 1741 ·
305 1720 361 1798 est
384 1748 440 1809 cup
449 1719 577 1817 fluere,
608 1718 772 1810 effluere,
806 1723 866 1795 via
894 1720 929 1820 dr
954 1722 1078 1799 merite
1105 1726 1300 1819 inplicitus,
1338 1729 1462 1806 anxiato

304 1820 342 1896 dt
362 1840 463 1895 metu
477 1832 687 1911 correptus,
713 1817 749 1891 dr
761 1813 923 1915 angustiis
937 1817 1092 1911 pressus,
1110 1840 1178 1895 nec
1192 1818 1270 1899 satis
1284 1824 1327 1897 ad
1342 1825 1459 1923 legem

303 1932 404 1995 tuam
424 1918 459 1991 dt
483 1912 642 1992 officium
661 1935 783 1992 meum
804 1914 1019 2007 adtendens,
1044 1917 1205 1993 aberravi
1225 1941 1246 1995 a
1268 1920 1367 1997 resto
1391 1937 1459 1998 tra·

302 2018 421 2101 mite,
445 2014 482 2089 dc
502 2012 685 2089 consilium
709 2012 789 2108 cepi
812 2013 1058 2104 temerarium
1085 2036 1163 2109 quae
1183 2018 1379 2112 amplitudo
1396 2042 1459 2114 po·

303 2112 441 2187 testatis
459 2108 512 2184 est
526 2110 632 2185 verbi
654 2129 719 2185 nra
741 2108 816 2185 a&
844 2130 922 2200 παυς
949 2108 1010 2187 sed
1025 2133 1120 2190 nune
1134 2134 1199 2207 per
1215 2113 1304 2191 hanc
1319 2114 1461 2215 castiga·

308 2226 368 2285 tus
388 2208 643 2296 calamitatem,
664 2206 698 2281 dt
720 2207 868 2283 meliora
880 2206 1048 2302 erotus,
1074 2211 1270 2304 accuratim
1286 2211 1319 2287 dr
1333 2210 1460 2291 atoue

309 2326 370 2382 me
387 2304 431 2377 ad
445 2316 507 2378 tua
521 2306 630 2379 verba
642 2303 676 2377 dr
689 2318 867 2398 praecepta
878 2302 1065 2394 adstrinxi,
1090 2324 1207 2399 eoque
1225 2308 1332 2386 etiam
1348 2309 1460 2404 scopo

296 2400 502 2502 sapientiam
520 2402 563 2477 dt
576 2402 786 2497 prudentiam
808 2400 899 2475 aTe
912 2402 1023 2496 petii,
1048 2421 1095 2475 ne
1112 2401 1150 2475 in
1165 2401 1274 2477 simile
1287 2406 1461 2483 eutaliud

305 2500 536 2577 temerarium
554 2496 691 2573 facinus
706 2520 955 2593 prorumpam,
986 2496 1046 2571 sed
1062 2509 1101 2573 ut
1120 2517 1177 2571 res
1196 2518 1292 2575 tuear
1306 2500 1461 2595 pruden-

303 2598 377 2675 tius
391 2618 503 2696 agam.
558 2593 736 2689 Respicit,
758 2596 797 2671 ni
810 2595 934 2685 fallor,
949 2595 992 2669 ad
1007 2594 1234 2674 temerarium
1250 2596 1461 2690 consilium,

253 2736 257 2740 —
302 2716 401 2789 quo,
433 2708 535 2769 metu
554 2692 671 2781 Sauli,
702 2692 747 2767 ad
773 2690 963 2767 Philistaeos
989 2690 1222 2790 confugerat,
1253 2692 1459 2789 seseque-iit

304 2792 343 2867 in
363 2790 460 2865 bello
487 2812 571 2865 cum
591 2790 697 2865 Saulo
721 2790 756 2862 dt
777 2788 939 2865 Israelitis
960 2789 1187 2881 adiunxeratt
1220 2791 1317 2887 quod
1336 2791 1457 2875 secuta

309 2886 365 2962 est
386 2886 580 2975 calamitae,
605 2883 666 2980 ipsi
685 2887 729 2961 ab
744 2886 953 2961 Amalekitis
966 2884 1114 2963 inflidta:
1140 2908 1325 2985 perquam
1344 2890 1393 2965 ad
1409 2890 1459 2969 sa-

300 2985 449 3063 niorem
468 2992 626 3057 mentem
641 2981 882 3059 estredatlua:
909 2982 963 3059 uti
976 2984 1035 3059 hic
1049 2982 1213 3062 declarat
1263 2984 1317 3061 Ex
1332 3008 1405 3080 quo
1418 2986 1459 3063 li·

305 3082 381 3159 mul
404 3078 591 3171 elucescit,
615 3102 719 3173 quum
740 3102 763 3153 a
785 3096 823 3156 te
840 3079 951 3157 modo
969 3082 1116 3176 petierit
1133 3082 1459 3179 aDeosapientiant

261 3185 270 3192 '
303 3177 341 3254 u
353 3180 582 3275 protanam,-
613 3178 669 3251 uti
687 3102 797 3253 modo
817 3177 975 3273 exposui.
1056 3174 1221 3273 Posterior
1242 3201 1342 3276 pars,
1374 3200 1460 3255 ean·

303 3276 388 3351 dem
410 3276 686 3350 declarationem
706 3274 1051 3372 &supplicationem
1075 3291 1263 3371 repetens,
1289 3274 1378 3351 vers.
1393 3278 1457 3355 68.

302 3373 357 3471 lais
379 3374 496 3447 verbis
513 3370 713 3466 profertum
744 3376 842 3448 lanus
861 3389 902 3447 tu
922 3371 966 3457 δ’
988 3371 1212 3463 benefaciens,
1237 3374 1308 3445 doce
1331 3370 1460 3467 aresta.

305 3486 383 3546 tnta
405 3485 464 3544 tua
486 3469 592 3568 (cum
610 3469 808 3546 benevolus
830 3469 870 3545 irs
890 3469 1013 3559 Deua,
1038 3469 1183 3545 &bona
1196 3466 1376 3543 lubensac
1390 3472 1457 3547 lar·
1494 3482 1497 3485 ’

304 3568 399 3667 giter
423 3566 683 3659 communices,
715 3565 804 3642 sicut
823 3565 859 3639 ἀ
878 3565 964 3639 mihi
983 3579 1020 3639 te
1045 3586 1140 3639 nunc
1154 3562 1359 3659 prestiti-sti,
1384 3586 1456 3665 ego

304 3687 397 3740 vero
423 3663 467 3737 ad
491 3666 606 3761 legem
636 3680 735 3739 tuam
764 3662 960 3767 accuratius
988 3660 1245 3739 observandam
1265 3661 1455 3743 inclinatur

303 3762 389 3849 lim,
413 3778 541 3855 repeto
563 3762 775 3855 petitionem
795 3784 933 3853 meam,
958 3775 999 3837 ut
1012 3783 1072 3838 me
1088 3758 1216 3837 doceas
1229 3757 1357 3839 statuta
1372 3779 1456 3855 tua,

240 3904 243 3907 ·
305 3858 342 3935 dc
354 3859 398 3933 ad
415 3880 458 3932 ea
470 3858 631 3932 facienda
645 3861 817 3951 continuo
832 3856 1048 3960 exstimules.)

356 3960 388 4046 §.
412 3954 576 4033 xxxvl.
625 3960 662 4043 β.
686 3958 809 4031 Altera
822 3958 1001 4053 pericopae
1017 3980 1118 4052 pore,
1149 3958 1221 4051 pina
1238 3954 1457 4038 Davidisad.

310 4053 503 4145 sefflones,
526 4052 638 4128 relate
665 4054 709 4128 ad
732 4054 828 4129 hunc
849 4054 986 4223 εαΐυὲυ,
1025 4054 1268 4141 &hominum
1289 4053 1458 4152 mperbo·

952 4173 972 4223 c
999 4172 1021 4226 2
1377 4168 1458 4227 rum

351 4274 471 4346 eVid.
494 4273 667 4348 Schultens
688 4269 729 4342 ad
750 4268 829 4343 Har.
852 4286 900 4341 vr.
922 4288 957 4359 p.
974 4268 1052 4361 23⁴3,
1184 4282 1185 4285 ‘
