<?xml version="1.0" encoding="UTF-8"?>
<!DOCTYPE html PUBLIC "-//W3C//DTD XHTML 1.0 Transitional//EN"
    "http://www.w3.org/TR/xhtml1/DTD/xhtml1-transitional.dtd">
<html xmlns="http://www.w3.org/1999/xhtml" xml:lang="en" lang="en">
 <head>
  <title>
</title>
<meta http-equiv="Content-Type" content="text/html;charset=utf-8" />
  <meta name='ocr-system' content='tesseract 3.04.00' />
  <meta name='ocr-capabilities' content='ocr_page ocr_carea ocr_par ocr_line ocrx_word'/>
</head>
<body>
  <div class='ocr_page' id='page_1' title='image "./hermannivenemac03venegoog_0277.png"; bbox 0 0 3984 5159; ppageno 0'>
   <div class='ocr_carea' id='block_1_1' title="bbox 499 472 1532 591">
    <p class='ocr_par' dir='ltr' id='par_1_1' title="bbox 499 472 1532 591">
     <span class='ocr_line' id='line_1_1' title="bbox 499 472 1532 591; baseline -0.015 -1"><span class='ocrx_word' id='word_1_1' title='bbox 499 472 1532 591; x_wconf 68' lang='lat' dir='ltr'>¹m-comuaurnnrus</span> 
     </span>
    </p>
   </div>
   <div class='ocr_carea' id='block_1_2' title="bbox 549 686 1713 1174">
    <p class='ocr_par' dir='ltr' id='par_1_2' title="bbox 549 686 1713 1174">
     <span class='ocr_line' id='line_1_2' title="bbox 549 686 1707 785; baseline -0.003 -12"><span class='ocrx_word' id='word_1_2' title='bbox 549 696 708 785; x_wconf 86' lang='lat' dir='ltr'>habent,</span> <span class='ocrx_word' id='word_1_3' title='bbox 749 711 965 785; x_wconf 85' lang='lat' dir='ltr'>omnemque</span> <span class='ocrx_word' id='word_1_4' title='bbox 990 711 1074 765; x_wconf 91' lang='lat' dir='ltr'>cum</span> <span class='ocrx_word' id='word_1_5' title='bbox 1101 688 1142 763; x_wconf 90' lang='lat' dir='ltr'>iis</span> <span class='ocrx_word' id='word_1_6' title='bbox 1173 688 1403 766; x_wconf 82' lang='lat' dir='ltr'>concordiam</span> <span class='ocrx_word' id='word_1_7' title='bbox 1434 712 1474 764; x_wconf 95' lang='lat' dir='ltr'>ac</span> <span class='ocrx_word' id='word_1_8' title='bbox 1501 686 1707 769; x_wconf 86' lang='lat' dir='ltr'>societatem</span> 
     </span>
     <span class='ocr_line' id='line_1_3' title="bbox 550 786 1707 885; baseline -0.008 -16"><span class='ocrx_word' id='word_1_9' title='bbox 550 792 786 879; x_wconf 79' lang='lat' dir='ltr'>aversantur,</span> <span class='ocrx_word' id='word_1_10' title='bbox 828 789 899 863; x_wconf 89' lang='lat' dir='ltr'>srve</span> <span class='ocrx_word' id='word_1_11' title='bbox 922 790 1018 883; x_wconf 90' lang='lat' dir='ltr'>quod</span> <span class='ocrx_word' id='word_1_12' title='bbox 1045 787 1271 881; x_wconf 88' lang='lat' dir='ltr'>personarum</span> <span class='ocrx_word' id='word_1_13' title='bbox 1302 789 1396 861; x_wconf 86' lang='lat' dir='ltr'>odio·</span> <span class='ocrx_word' id='word_1_14' title='bbox 1419 786 1594 885; x_wconf 86' lang='lat' dir='ltr'>flagrent,</span> <span class='ocrx_word' id='word_1_15' title='bbox 1634 786 1707 861; x_wconf 88' lang='lat' dir='ltr'>five</span> 
     </span>
     <span class='ocr_line' id='line_1_4' title="bbox 552 884 1709 988; baseline -0.007 -22"><span class='ocrx_word' id='word_1_16' title='bbox 552 892 671 988; x_wconf 92' lang='lat' dir='ltr'>quod,</span> <span class='ocrx_word' id='word_1_17' title='bbox 696 889 884 964; x_wconf 84' lang='lat' dir='ltr'>ambitioni</span> <span class='ocrx_word' id='word_1_18' title='bbox 901 886 1063 975; x_wconf 87' lang='lat' dir='ltr'>litantes,</span> <span class='ocrx_word' id='word_1_19' title='bbox 1089 905 1152 957; x_wconf 90' lang='lat' dir='ltr'>eos</span> <span class='ocrx_word' id='word_1_20' title='bbox 1168 884 1298 959; x_wconf 90' lang='lat' dir='ltr'>laudari</span> <span class='ocrx_word' id='word_1_21' title='bbox 1316 908 1358 959; x_wconf 92' lang='lat' dir='ltr'>ac</span> <span class='ocrx_word' id='word_1_22' title='bbox 1373 884 1502 958; x_wconf 90' lang='lat' dir='ltr'>florere</span> <span class='ocrx_word' id='word_1_23' title='bbox 1525 885 1642 959; x_wconf 84' lang='lat' dir='ltr'>lividis</span> <span class='ocrx_word' id='word_1_24' title='bbox 1657 887 1709 959; x_wconf 90' lang='lat' dir='ltr'>in·</span> 
     </span>
     <span class='ocr_line' id='line_1_5' title="bbox 552 982 1710 1079; baseline -0.007 -14"><span class='ocrx_word' id='word_1_25' title='bbox 552 1000 723 1065; x_wconf 89' lang='lat' dir='ltr'>tueantur</span> <span class='ocrx_word' id='word_1_26' title='bbox 743 985 875 1070; x_wconf 86' lang='lat' dir='ltr'>oculis,</span> <span class='ocrx_word' id='word_1_27' title='bbox 905 984 978 1056; x_wconf 84' lang='lat' dir='ltr'>five</span> <span class='ocrx_word' id='word_1_28' title='bbox 1002 982 1098 1075; x_wconf 94' lang='lat' dir='ltr'>quod</span> <span class='ocrx_word' id='word_1_29' title='bbox 1119 1002 1139 1054; x_wconf 91' lang='lat' dir='ltr'>e</span> <span class='ocrx_word' id='word_1_30' title='bbox 1163 1004 1202 1055; x_wconf 87' lang='lat' dir='ltr'>re</span> <span class='ocrx_word' id='word_1_31' title='bbox 1226 983 1284 1055; x_wconf 91' lang='lat' dir='ltr'>sua</span> <span class='ocrx_word' id='word_1_32' title='bbox 1305 1006 1379 1057; x_wconf 91' lang='lat' dir='ltr'>non</span> <span class='ocrx_word' id='word_1_33' title='bbox 1401 982 1471 1055; x_wconf 85' lang='lat' dir='ltr'>else</span> <span class='ocrx_word' id='word_1_34' title='bbox 1485 983 1710 1079; x_wconf 81' lang='lat' dir='ltr'>intelligant,</span> 
     </span>
     <span class='ocr_line' id='line_1_6' title="bbox 554 1077 1713 1174; baseline -0.006 -12"><span class='ocrx_word' id='word_1_35' title='bbox 554 1102 597 1161; x_wconf 88' lang='lat' dir='ltr'>ut</span> <span class='ocrx_word' id='word_1_36' title='bbox 610 1084 748 1159; x_wconf 87' lang='lat' dir='ltr'>diverse</span> <span class='ocrx_word' id='word_1_37' title='bbox 771 1079 1015 1165; x_wconf 70' lang='lat' dir='ltr'>sentientes&amp;</span> <span class='ocrx_word' id='word_1_38' title='bbox 1030 1077 1156 1153; x_wconf 72' lang='lat' dir='ltr'>reatus</span> <span class='ocrx_word' id='word_1_39' title='bbox 1170 1081 1347 1167; x_wconf 88' lang='lat' dir='ltr'>viventes,</span> <span class='ocrx_word' id='word_1_40' title='bbox 1358 1101 1443 1172; x_wconf 92' lang='lat' dir='ltr'>pace</span> <span class='ocrx_word' id='word_1_41' title='bbox 1457 1080 1493 1154; x_wconf 78' lang='lat' dir='ltr'>u</span> <span class='ocrx_word' id='word_1_42' title='bbox 1502 1078 1713 1174; x_wconf 84' lang='lat' dir='ltr'>prosperita·</span> 
     </span>
    </p>
   </div>
   <div class='ocr_carea' id='block_1_3' title="bbox 419 1175 1841 1369">
    <p class='ocr_par' dir='ltr' id='par_1_3' title="bbox 419 1175 1841 1369">
     <span class='ocr_line' id='line_1_7' title="bbox 553 1175 1841 1279; baseline -0.005 -21"><span class='ocrx_word' id='word_1_43' title='bbox 553 1197 592 1258; x_wconf 89' lang='lat' dir='ltr'>te</span> <span class='ocrx_word' id='word_1_44' title='bbox 607 1180 805 1279; x_wconf 84' lang='lat' dir='ltr'>gaudeant,</span> <span class='ocrx_word' id='word_1_45' title='bbox 830 1175 901 1251; x_wconf 90' lang='lat' dir='ltr'>five</span> <span class='ocrx_word' id='word_1_46' title='bbox 920 1177 1037 1271; x_wconf 91' lang='lat' dir='ltr'>quod,</span> <span class='ocrx_word' id='word_1_47' title='bbox 1054 1177 1165 1251; x_wconf 92' lang='lat' dir='ltr'>nimio</span> <span class='ocrx_word' id='word_1_48' title='bbox 1179 1177 1402 1271; x_wconf 88' lang='lat' dir='ltr'>propriarum</span> <span class='ocrx_word' id='word_1_49' title='bbox 1415 1180 1626 1271; x_wconf 90' lang='lat' dir='ltr'>opinionum</span> <span class='ocrx_word' id='word_1_50' title='bbox 1643 1176 1713 1251; x_wconf 88' lang='lat' dir='ltr'>stu·</span> <span class='ocrx_word' id='word_1_51' title='bbox 1839 1250 1841 1252; x_wconf 83' lang='grc'><strong>,</strong></span> 
     </span>
     <span class='ocr_line' id='line_1_8' title="bbox 419 1272 1714 1369; baseline 0 -22"><span class='ocrx_word' id='word_1_52' title='bbox 419 1334 436 1347; x_wconf 76' lang='grc'>.</span> <span class='ocrx_word' id='word_1_53' title='bbox 482 1290 490 1305; x_wconf 88' lang='grc'><em>·</em></span> <span class='ocrx_word' id='word_1_54' title='bbox 553 1277 614 1353; x_wconf 92' lang='lat' dir='ltr'>dio</span> <span class='ocrx_word' id='word_1_55' title='bbox 635 1274 756 1364; x_wconf 79' lang='lat' dir='ltr'>dudli,</span> <span class='ocrx_word' id='word_1_56' title='bbox 789 1275 1031 1349; x_wconf 82' lang='lat' dir='ltr'>dissentientes</span> <span class='ocrx_word' id='word_1_57' title='bbox 1058 1274 1154 1347; x_wconf 90' lang='lat' dir='ltr'>serre</span> <span class='ocrx_word' id='word_1_58' title='bbox 1184 1282 1382 1367; x_wconf 82' lang='lat' dir='ltr'>nequeant,</span> <span class='ocrx_word' id='word_1_59' title='bbox 1416 1272 1488 1348; x_wconf 88' lang='lat' dir='ltr'>srve</span> <span class='ocrx_word' id='word_1_60' title='bbox 1515 1274 1612 1368; x_wconf 91' lang='lat' dir='ltr'>quod</span> <span class='ocrx_word' id='word_1_61' title='bbox 1634 1293 1714 1369; x_wconf 90' lang='lat' dir='ltr'>per·</span> 
     </span>
    </p>
   </div>
   <div class='ocr_carea' id='block_1_4' title="bbox 471 1368 1798 3317">
    <p class='ocr_par' dir='ltr' id='par_1_4' title="bbox 488 1368 1798 2219">
     <span class='ocr_line' id='line_1_9' title="bbox 555 1368 1714 1479; baseline -0.004 -26"><span class='ocrx_word' id='word_1_62' title='bbox 555 1372 661 1453; x_wconf 89' lang='lat' dir='ltr'>verso</span> <span class='ocrx_word' id='word_1_63' title='bbox 673 1374 796 1479; x_wconf 87' lang='lat' dir='ltr'>gloriae</span> <span class='ocrx_word' id='word_1_64' title='bbox 814 1372 883 1445; x_wconf 90' lang='lat' dir='ltr'>Dei</span> <span class='ocrx_word' id='word_1_65' title='bbox 902 1372 1110 1447; x_wconf 86' lang='lat' dir='ltr'>&amp;veritatis</span> <span class='ocrx_word' id='word_1_66' title='bbox 1128 1393 1250 1447; x_wconf 90' lang='lat' dir='ltr'>amore</span> <span class='ocrx_word' id='word_1_67' title='bbox 1265 1368 1470 1468; x_wconf 85' lang='lat' dir='ltr'>flagrantes,</span> <span class='ocrx_word' id='word_1_68' title='bbox 1495 1371 1714 1448; x_wconf 89' lang='lat' dir='ltr'>diversarum</span> 
     </span>
     <span class='ocr_line' id='line_1_10' title="bbox 557 1466 1716 1567; baseline -0.006 -17"><span class='ocrx_word' id='word_1_69' title='bbox 557 1473 769 1567; x_wconf 84' lang='lat' dir='ltr'>opinionum</span> <span class='ocrx_word' id='word_1_70' title='bbox 791 1468 826 1545; x_wconf 82' lang='lat' dir='ltr'>ds</span> <span class='ocrx_word' id='word_1_71' title='bbox 845 1467 1015 1546; x_wconf 69' lang='lat' dir='ltr'>sedarum</span> <span class='ocrx_word' id='word_1_72' title='bbox 1038 1470 1198 1543; x_wconf 88' lang='lat' dir='ltr'>homines</span> <span class='ocrx_word' id='word_1_73' title='bbox 1215 1490 1282 1561; x_wconf 90' lang='lat' dir='ltr'>pro</span> <span class='ocrx_word' id='word_1_74' title='bbox 1302 1466 1462 1543; x_wconf 88' lang='lat' dir='ltr'>veritatis</span> <span class='ocrx_word' id='word_1_75' title='bbox 1476 1468 1510 1541; x_wconf 82' lang='lat' dir='ltr'>dc</span> <span class='ocrx_word' id='word_1_76' title='bbox 1524 1468 1597 1541; x_wconf 91' lang='lat' dir='ltr'>Dei</span> <span class='ocrx_word' id='word_1_77' title='bbox 1609 1468 1716 1545; x_wconf 87' lang='lat' dir='ltr'>hosti·</span> 
     </span>
     <span class='ocr_line' id='line_1_11' title="bbox 502 1564 1715 1660; baseline -0.003 -13"><span class='ocrx_word' id='word_1_78' title='bbox 502 1615 505 1621; x_wconf 75' lang='lat'>,</span> <span class='ocrx_word' id='word_1_79' title='bbox 555 1573 625 1647; x_wconf 89' lang='lat' dir='ltr'>bus</span> <span class='ocrx_word' id='word_1_80' title='bbox 647 1569 820 1660; x_wconf 90' lang='lat' dir='ltr'>habeant,</span> <span class='ocrx_word' id='word_1_81' title='bbox 852 1568 1013 1659; x_wconf 90' lang='lat' dir='ltr'>adeoque</span> <span class='ocrx_word' id='word_1_82' title='bbox 1040 1564 1128 1637; x_wconf 91' lang='lat' dir='ltr'>nibil</span> <span class='ocrx_word' id='word_1_83' title='bbox 1148 1586 1222 1637; x_wconf 94' lang='lat' dir='ltr'>non</span> <span class='ocrx_word' id='word_1_84' title='bbox 1247 1564 1306 1639; x_wconf 84' lang='lat' dir='ltr'>fibi</span> <span class='ocrx_word' id='word_1_85' title='bbox 1333 1565 1371 1638; x_wconf 91' lang='lat' dir='ltr'>in</span> <span class='ocrx_word' id='word_1_86' title='bbox 1396 1586 1458 1639; x_wconf 93' lang='lat' dir='ltr'>eos</span> <span class='ocrx_word' id='word_1_87' title='bbox 1481 1566 1590 1639; x_wconf 89' lang='lat' dir='ltr'>licere</span> <span class='ocrx_word' id='word_1_88' title='bbox 1613 1584 1715 1643; x_wconf 89' lang='lat' dir='ltr'>autu·</span> 
     </span>
     <span class='ocr_line' id='line_1_12' title="bbox 488 1658 1715 1761; baseline -0.002 -22"><span class='ocrx_word' id='word_1_89' title='bbox 488 1730 495 1739; x_wconf 91' lang='lat'><strong><em>.</em></strong></span> <span class='ocrx_word' id='word_1_90' title='bbox 554 1681 678 1761; x_wconf 86' lang='lat' dir='ltr'>ment,</span> <span class='ocrx_word' id='word_1_91' title='bbox 706 1663 875 1740; x_wconf 86' lang='lat' dir='ltr'>fivedeni</span> <span class='ocrx_word' id='word_1_92' title='bbox 900 1684 970 1749; x_wconf 94' lang='lat' dir='ltr'>ue,</span> <span class='ocrx_word' id='word_1_93' title='bbox 995 1660 1091 1755; x_wconf 93' lang='lat' dir='ltr'>quod</span> <span class='ocrx_word' id='word_1_94' title='bbox 1105 1658 1292 1748; x_wconf 83' lang='lat' dir='ltr'>Ecclefiae,</span> <span class='ocrx_word' id='word_1_95' title='bbox 1315 1660 1375 1735; x_wconf 91' lang='lat' dir='ltr'>vel</span> <span class='ocrx_word' id='word_1_96' title='bbox 1391 1659 1510 1757; x_wconf 77' lang='lat' dir='ltr'>Reip,</span> <span class='ocrx_word' id='word_1_97' title='bbox 1526 1663 1715 1753; x_wconf 80' lang='lat' dir='ltr'>interesse,</span> 
     </span>
     <span class='ocr_line' id='line_1_13' title="bbox 557 1754 1716 1857; baseline -0.005 -16"><span class='ocrx_word' id='word_1_98' title='bbox 557 1765 593 1841; x_wconf 78' lang='lat' dir='ltr'>u</span> <span class='ocrx_word' id='word_1_99' title='bbox 614 1763 658 1838; x_wconf 93' lang='lat' dir='ltr'>ad</span> <span class='ocrx_word' id='word_1_100' title='bbox 684 1784 809 1857; x_wconf 87' lang='lat' dir='ltr'>pacem</span> <span class='ocrx_word' id='word_1_101' title='bbox 835 1763 871 1835; x_wconf 93' lang='lat' dir='ltr'>in</span> <span class='ocrx_word' id='word_1_102' title='bbox 924 1760 1091 1834; x_wconf 91' lang='lat' dir='ltr'>urandam</span> <span class='ocrx_word' id='word_1_103' title='bbox 1113 1754 1251 1834; x_wconf 87' lang='lat' dir='ltr'>necesle</span> <span class='ocrx_word' id='word_1_104' title='bbox 1274 1756 1460 1851; x_wconf 90' lang='lat' dir='ltr'>censeant,</span> <span class='ocrx_word' id='word_1_105' title='bbox 1496 1758 1626 1851; x_wconf 87' lang='lat' dir='ltr'>sseos,</span> <span class='ocrx_word' id='word_1_106' title='bbox 1654 1762 1716 1855; x_wconf 88' lang='lat' dir='ltr'>qui</span> 
     </span>
     <span class='ocr_line' id='line_1_14' title="bbox 556 1854 1719 1946; baseline -0.001 -10"><span class='ocrx_word' id='word_1_107' title='bbox 556 1861 731 1938; x_wconf 89' lang='lat' dir='ltr'>diversam</span> <span class='ocrx_word' id='word_1_108' title='bbox 750 1864 794 1933; x_wconf 91' lang='lat' dir='ltr'>ab</span> <span class='ocrx_word' id='word_1_109' title='bbox 815 1857 857 1929; x_wconf 90' lang='lat' dir='ltr'>iis</span> <span class='ocrx_word' id='word_1_110' title='bbox 881 1856 975 1929; x_wconf 89' lang='lat' dir='ltr'>viam</span> <span class='ocrx_word' id='word_1_111' title='bbox 997 1854 1176 1946; x_wconf 86' lang='lat' dir='ltr'>insistunt,</span> <span class='ocrx_word' id='word_1_112' title='bbox 1203 1856 1450 1931; x_wconf 84' lang='lat' dir='ltr'>vexationibus</span> <span class='ocrx_word' id='word_1_113' title='bbox 1471 1856 1514 1936; x_wconf 84' lang='lat' dir='ltr'>ad</span> <span class='ocrx_word' id='word_1_114' title='bbox 1539 1858 1719 1935; x_wconf 77' lang='lat' dir='ltr'>silentium</span> 
     </span>
     <span class='ocr_line' id='line_1_15' title="bbox 556 1952 1798 2054; baseline -0.003 -21"><span class='ocrx_word' id='word_1_115' title='bbox 556 1960 743 2054; x_wconf 84' lang='lat' dir='ltr'>redigant,</span> <span class='ocrx_word' id='word_1_116' title='bbox 770 1973 901 2048; x_wconf 84' lang='lat' dir='ltr'>eosque</span> <span class='ocrx_word' id='word_1_117' title='bbox 925 1952 1188 2046; x_wconf 82' lang='lat' dir='ltr'>exterminent,</span> <span class='ocrx_word' id='word_1_118' title='bbox 1214 1954 1375 2048; x_wconf 90' lang='lat' dir='ltr'>adeoque</span> <span class='ocrx_word' id='word_1_119' title='bbox 1397 1952 1506 2049; x_wconf 84' lang='lat' dir='ltr'>siper</span> <span class='ocrx_word' id='word_1_120' title='bbox 1521 1954 1719 2032; x_wconf 83' lang='lat' dir='ltr'>bellumad</span> <span class='ocrx_word' id='word_1_121' title='bbox 1795 2010 1798 2019; x_wconf 84' lang='lat'><em>.</em></span> 
     </span>
     <span class='ocr_line' id='line_1_16' title="bbox 559 2050 903 2219; baseline -0.009 -92"><span class='ocrx_word' id='word_1_122' title='bbox 559 2076 685 2151; x_wconf 91' lang='lat' dir='ltr'>pacem</span> <span class='ocrx_word' id='word_1_123' title='bbox 694 2050 903 2219; x_wconf 55' lang='lat' dir='ltr'>{rasennam</span> 
     </span>
    </p>

    <p class='ocr_par' dir='ltr' id='par_1_5' title="bbox 471 2144 1719 3317">
     <span class='ocr_line' id='line_1_17' title="bbox 611 2144 1716 2246; baseline 0.009 -28"><span class='ocrx_word' id='word_1_124' title='bbox 611 2146 693 2240; x_wconf 83' lang='lat' dir='ltr'>§.X</span> <span class='ocrx_word' id='word_1_125' title='bbox 728 2144 808 2221; x_wconf 87' lang='lat' dir='ltr'>Vll.</span> <span class='ocrx_word' id='word_1_126' title='bbox 833 2146 881 2221; x_wconf 90' lang='lat' dir='ltr'>Hi</span> <span class='ocrx_word' id='word_1_127' title='bbox 902 2160 1038 2241; x_wconf 92' lang='lat' dir='ltr'>quanto</span> <span class='ocrx_word' id='word_1_128' title='bbox 1061 2144 1185 2227; x_wconf 88' lang='lat' dir='ltr'>furore</span> <span class='ocrx_word' id='word_1_129' title='bbox 1207 2150 1243 2226; x_wconf 92' lang='lat' dir='ltr'>in</span> <span class='ocrx_word' id='word_1_130' title='bbox 1258 2153 1459 2246; x_wconf 80' lang='lat' dir='ltr'>proximum</span> <span class='ocrx_word' id='word_1_131' title='bbox 1474 2150 1611 2227; x_wconf 83' lang='lat' dir='ltr'>accensi</span> <span class='ocrx_word' id='word_1_132' title='bbox 1626 2150 1716 2244; x_wconf 80' lang='lat' dir='ltr'>lint,</span> 
     </span>
     <span class='ocr_line' id='line_1_18' title="bbox 557 2242 1715 2345; baseline 0.001 -22"><span class='ocrx_word' id='word_1_133' title='bbox 557 2247 716 2341; x_wconf 83' lang='lat' dir='ltr'>explicat</span> <span class='ocrx_word' id='word_1_134' title='bbox 731 2242 820 2320; x_wconf 87' lang='lat' dir='ltr'>vers.</span> <span class='ocrx_word' id='word_1_135' title='bbox 839 2266 874 2339; x_wconf 84' lang='lat'>7.</span> <span class='ocrx_word' id='word_1_136' title='bbox 908 2269 990 2321; x_wconf 91' lang='lat' dir='ltr'>cum</span> <span class='ocrx_word' id='word_1_137' title='bbox 1015 2246 1117 2337; x_wconf 91' lang='lat' dir='ltr'>dicit,</span> <span class='ocrx_word' id='word_1_138' title='bbox 1150 2270 1213 2322; x_wconf 89' lang='lat' dir='ltr'>eos</span> <span class='ocrx_word' id='word_1_139' title='bbox 1233 2250 1277 2322; x_wconf 92' lang='lat' dir='ltr'>de</span> <span class='ocrx_word' id='word_1_140' title='bbox 1293 2264 1373 2345; x_wconf 83' lang='lat' dir='ltr'>pate</span> <span class='ocrx_word' id='word_1_141' title='bbox 1396 2270 1442 2323; x_wconf 94' lang='lat' dir='ltr'>ne</span> <span class='ocrx_word' id='word_1_142' title='bbox 1465 2251 1616 2323; x_wconf 92' lang='lat' dir='ltr'>verbum</span> <span class='ocrx_word' id='word_1_143' title='bbox 1639 2251 1715 2345; x_wconf 91' lang='lat' dir='ltr'>qui·</span> 
     </span>
     <span class='ocr_line' id='line_1_19' title="bbox 559 2342 1718 2439; baseline 0.003 -20"><span class='ocrx_word' id='word_1_144' title='bbox 559 2344 644 2422; x_wconf 92' lang='lat' dir='ltr'>dem</span> <span class='ocrx_word' id='word_1_145' title='bbox 668 2342 788 2430; x_wconf 89' lang='lat' dir='ltr'>audire</span> <span class='ocrx_word' id='word_1_146' title='bbox 810 2358 949 2421; x_wconf 89' lang='lat' dir='ltr'>tantum</span> <span class='ocrx_word' id='word_1_147' title='bbox 968 2345 1086 2433; x_wconf 93' lang='lat' dir='ltr'>nolle,</span> <span class='ocrx_word' id='word_1_148' title='bbox 1129 2344 1186 2419; x_wconf 93' lang='lat' dir='ltr'>sed</span> <span class='ocrx_word' id='word_1_149' title='bbox 1207 2345 1298 2420; x_wconf 84' lang='lat' dir='ltr'>&amp;err</span> <span class='ocrx_word' id='word_1_150' title='bbox 1313 2346 1391 2439; x_wconf 89' lang='lat' dir='ltr'>iplis</span> <span class='ocrx_word' id='word_1_151' title='bbox 1409 2366 1533 2421; x_wconf 92' lang='lat' dir='ltr'>eorum</span> <span class='ocrx_word' id='word_1_152' title='bbox 1548 2348 1718 2423; x_wconf 84' lang='lat' dir='ltr'>verbis&amp;</span> 
     </span>
     <span class='ocr_line' id='line_1_20' title="bbox 560 2441 1717 2537; baseline -0.003 -18"><span class='ocrx_word' id='word_1_153' title='bbox 560 2442 806 2531; x_wconf 83' lang='lat' dir='ltr'>sermonibus,</span> <span class='ocrx_word' id='word_1_154' title='bbox 832 2464 936 2537; x_wconf 92' lang='lat' dir='ltr'>quam</span> <span class='ocrx_word' id='word_1_155' title='bbox 962 2441 1124 2517; x_wconf 89' lang='lat' dir='ltr'>innocuis</span> <span class='ocrx_word' id='word_1_156' title='bbox 1146 2442 1304 2516; x_wconf 85' lang='lat' dir='ltr'>etiam&amp;</span> <span class='ocrx_word' id='word_1_157' title='bbox 1329 2442 1453 2533; x_wconf 91' lang='lat' dir='ltr'>bonis,</span> <span class='ocrx_word' id='word_1_158' title='bbox 1479 2442 1611 2519; x_wconf 91' lang='lat' dir='ltr'>bellum</span> <span class='ocrx_word' id='word_1_159' title='bbox 1626 2444 1717 2517; x_wconf 89' lang='lat' dir='ltr'>sere·</span> 
     </span>
     <span class='ocr_line' id='line_1_21' title="bbox 559 2536 1716 2636; baseline -0.003 -18"><span class='ocrx_word' id='word_1_160' title='bbox 559 2562 624 2618; x_wconf 79' lang='lat' dir='ltr'>ret</span> <span class='ocrx_word' id='word_1_161' title='bbox 658 2563 714 2636; x_wconf 84' lang='lat' dir='ltr'>ego</span> <span class='ocrx_word' id='word_1_162' title='bbox 738 2555 807 2636; x_wconf 82' lang='lat' dir='ltr'>pax</span> <span class='ocrx_word' id='word_1_163' title='bbox 820 2538 918 2636; x_wconf 84' lang='lat' dir='ltr'>sum,</span> <span class='ocrx_word' id='word_1_164' title='bbox 950 2538 1037 2613; x_wconf 92' lang='lat' dir='ltr'>dicit</span> <span class='ocrx_word' id='word_1_165' title='bbox 1057 2540 1111 2613; x_wconf 93' lang='lat' dir='ltr'>vir</span> <span class='ocrx_word' id='word_1_166' title='bbox 1128 2537 1227 2631; x_wconf 89' lang='lat' dir='ltr'>pius,</span> <span class='ocrx_word' id='word_1_167' title='bbox 1258 2536 1428 2613; x_wconf 68' lang='lat' dir='ltr'>abstracto</span> <span class='ocrx_word' id='word_1_168' title='bbox 1450 2563 1517 2634; x_wconf 93' lang='lat' dir='ltr'>pro</span> <span class='ocrx_word' id='word_1_169' title='bbox 1540 2552 1716 2615; x_wconf 86' lang='lat' dir='ltr'>concreto</span> 
     </span>
     <span class='ocr_line' id='line_1_22' title="bbox 475 2633 1717 2732; baseline -0.002 -20"><span class='ocrx_word' id='word_1_170' title='bbox 475 2682 480 2693; x_wconf 84' lang='lat'><em>·</em></span> <span class='ocrx_word' id='word_1_171' title='bbox 559 2637 757 2730; x_wconf 88' lang='lat' dir='ltr'>emphafios</span> <span class='ocrx_word' id='word_1_172' title='bbox 771 2636 872 2713; x_wconf 88' lang='lat' dir='ltr'>causa</span> <span class='ocrx_word' id='word_1_173' title='bbox 887 2635 989 2726; x_wconf 89' lang='lat' dir='ltr'>usus;</span> <span class='ocrx_word' id='word_1_174' title='bbox 1014 2656 1082 2732; x_wconf 85' lang='lat' dir='ltr'>ego</span> <span class='ocrx_word' id='word_1_175' title='bbox 1098 2634 1232 2713; x_wconf 90' lang='lat' dir='ltr'>summe</span> <span class='ocrx_word' id='word_1_176' title='bbox 1248 2634 1321 2711; x_wconf 89' lang='lat' dir='ltr'>sum</span> <span class='ocrx_word' id='word_1_177' title='bbox 1333 2633 1511 2732; x_wconf 78' lang='lat' dir='ltr'>pacificus,</span> <span class='ocrx_word' id='word_1_178' title='bbox 1535 2637 1646 2724; x_wconf 91' lang='lat' dir='ltr'>mitis,</span> <span class='ocrx_word' id='word_1_179' title='bbox 1664 2636 1717 2709; x_wconf 89' lang='lat' dir='ltr'>le·</span> 
     </span>
     <span class='ocr_line' id='line_1_23' title="bbox 471 2730 1719 2828; baseline -0.001 -18"><span class='ocrx_word' id='word_1_180' title='bbox 471 2738 481 2745; x_wconf 85' lang='grc'><strong><em>’</em></strong></span> <span class='ocrx_word' id='word_1_181' title='bbox 560 2733 638 2821; x_wconf 85' lang='lat' dir='ltr'>nis,</span> <span class='ocrx_word' id='word_1_182' title='bbox 665 2730 886 2820; x_wconf 89' lang='lat' dir='ltr'>mansuetus,</span> <span class='ocrx_word' id='word_1_183' title='bbox 920 2733 1100 2809; x_wconf 90' lang='lat' dir='ltr'>neminem</span> <span class='ocrx_word' id='word_1_184' title='bbox 1121 2754 1195 2807; x_wconf 92' lang='lat' dir='ltr'>non</span> <span class='ocrx_word' id='word_1_185' title='bbox 1218 2732 1370 2809; x_wconf 89' lang='lat' dir='ltr'>libenter</span> <span class='ocrx_word' id='word_1_186' title='bbox 1386 2732 1525 2821; x_wconf 85' lang='lat' dir='ltr'>ferens,</span> <span class='ocrx_word' id='word_1_187' title='bbox 1551 2734 1608 2827; x_wconf 94' lang='lat' dir='ltr'>qui</span> <span class='ocrx_word' id='word_1_188' title='bbox 1623 2734 1719 2828; x_wconf 89' lang='lat' dir='ltr'>quic·</span> 
     </span>
     <span class='ocr_line' id='line_1_24' title="bbox 562 2825 1717 2925; baseline 0.002 -21"><span class='ocrx_word' id='word_1_189' title='bbox 562 2827 648 2925; x_wconf 89' lang='lat' dir='ltr'>quid</span> <span class='ocrx_word' id='word_1_190' title='bbox 665 2825 802 2919; x_wconf 86' lang='lat' dir='ltr'>ppllum</span> <span class='ocrx_word' id='word_1_191' title='bbox 820 2833 912 2922; x_wconf 81' lang='lat' dir='ltr'>pacis</span> <span class='ocrx_word' id='word_1_192' title='bbox 935 2828 1037 2901; x_wconf 88' lang='lat' dir='ltr'>causa</span> <span class='ocrx_word' id='word_1_193' title='bbox 1058 2851 1147 2925; x_wconf 88' lang='lat' dir='ltr'>ago,</span> <span class='ocrx_word' id='word_1_194' title='bbox 1178 2831 1311 2921; x_wconf 90' lang='lat' dir='ltr'>patior:</span> <span class='ocrx_word' id='word_1_195' title='bbox 1338 2831 1397 2907; x_wconf 91' lang='lat' dir='ltr'>sed</span> <span class='ocrx_word' id='word_1_196' title='bbox 1417 2832 1502 2925; x_wconf 94' lang='lat' dir='ltr'>quid</span> <span class='ocrx_word' id='word_1_197' title='bbox 1521 2834 1602 2904; x_wconf 74' lang='lat' dir='ltr'>illi?</span> <span class='ocrx_word' id='word_1_198' title='bbox 1627 2832 1717 2906; x_wconf 89' lang='lat' dir='ltr'>adeo</span> 
     </span>
     <span class='ocr_line' id='line_1_25' title="bbox 562 2922 1718 3021; baseline 0.001 -18"><span class='ocrx_word' id='word_1_199' title='bbox 562 2949 584 3003; x_wconf 89' lang='lat' dir='ltr'>a</span> <span class='ocrx_word' id='word_1_200' title='bbox 608 2946 696 3021; x_wconf 89' lang='lat' dir='ltr'>pace</span> <span class='ocrx_word' id='word_1_201' title='bbox 720 2923 845 3013; x_wconf 92' lang='lat' dir='ltr'>alieni,</span> <span class='ocrx_word' id='word_1_202' title='bbox 869 2924 914 2998; x_wconf 94' lang='lat' dir='ltr'>ad</span> <span class='ocrx_word' id='word_1_203' title='bbox 937 2922 1070 2999; x_wconf 88' lang='lat' dir='ltr'>bellum</span> <span class='ocrx_word' id='word_1_204' title='bbox 1092 2927 1270 3019; x_wconf 84' lang='lat' dir='ltr'>proclives</span> <span class='ocrx_word' id='word_1_205' title='bbox 1292 2930 1328 3004; x_wconf 84' lang='lat' dir='ltr'>dt</span> <span class='ocrx_word' id='word_1_206' title='bbox 1351 2928 1532 3016; x_wconf 90' lang='lat' dir='ltr'>inclinati,</span> <span class='ocrx_word' id='word_1_207' title='bbox 1556 2941 1598 3004; x_wconf 92' lang='lat' dir='ltr'>ut</span> <span class='ocrx_word' id='word_1_208' title='bbox 1613 2952 1661 3005; x_wconf 90' lang='lat' dir='ltr'>ne</span> <span class='ocrx_word' id='word_1_209' title='bbox 1677 2949 1718 3004; x_wconf 87' lang='lat' dir='ltr'>os</span> 
     </span>
     <span class='ocr_line' id='line_1_26' title="bbox 562 3020 1719 3129; baseline 0 -28"><span class='ocrx_word' id='word_1_210' title='bbox 562 3023 704 3123; x_wconf 90' lang='lat' dir='ltr'>aperire</span> <span class='ocrx_word' id='word_1_211' title='bbox 720 3042 864 3117; x_wconf 89' lang='lat' dir='ltr'>queam,</span> <span class='ocrx_word' id='word_1_212' title='bbox 886 3020 974 3129; x_wconf 83' lang='lat' dir='ltr'>quin</span> <span class='ocrx_word' id='word_1_213' title='bbox 995 3020 1039 3093; x_wconf 91' lang='lat' dir='ltr'>ad</span> <span class='ocrx_word' id='word_1_214' title='bbox 1061 3026 1177 3097; x_wconf 80' lang='lat' dir='ltr'>bellum</span> <span class='ocrx_word' id='word_1_215' title='bbox 1201 3040 1326 3113; x_wconf 90' lang='lat' dir='ltr'>ruant,</span> <span class='ocrx_word' id='word_1_216' title='bbox 1358 3024 1428 3099; x_wconf 85' lang='lat' dir='ltr'>five</span> <span class='ocrx_word' id='word_1_217' title='bbox 1441 3022 1548 3102; x_wconf 89' lang='lat' dir='ltr'>fidem</span> <span class='ocrx_word' id='word_1_218' title='bbox 1561 3026 1719 3102; x_wconf 90' lang='lat' dir='ltr'>modeste</span> 
     </span>
     <span class='ocr_line' id='line_1_27' title="bbox 515 3116 1719 3220; baseline 0.005 -27"><span class='ocrx_word' id='word_1_219' title='bbox 515 3186 519 3193; x_wconf 86' lang='lat'><strong>.</strong></span> <span class='ocrx_word' id='word_1_220' title='bbox 561 3118 753 3220; x_wconf 90' lang='lat' dir='ltr'>profitear,</span> <span class='ocrx_word' id='word_1_221' title='bbox 769 3116 841 3191; x_wconf 90' lang='lat' dir='ltr'>live</span> <span class='ocrx_word' id='word_1_222' title='bbox 854 3120 1056 3210; x_wconf 90' lang='lat' dir='ltr'>oprniones,</span> <span class='ocrx_word' id='word_1_223' title='bbox 1070 3119 1133 3193; x_wconf 94' lang='lat' dir='ltr'>ubi</span> <span class='ocrx_word' id='word_1_224' title='bbox 1147 3122 1283 3197; x_wconf 82' lang='lat' dir='ltr'>necesse</span> <span class='ocrx_word' id='word_1_225' title='bbox 1298 3121 1430 3212; x_wconf 89' lang='lat' dir='ltr'>fuerit,</span> <span class='ocrx_word' id='word_1_226' title='bbox 1451 3126 1648 3217; x_wconf 90' lang='lat' dir='ltr'>prudenter</span> <span class='ocrx_word' id='word_1_227' title='bbox 1661 3125 1719 3199; x_wconf 79' lang='lat' dir='ltr'>ex&#39;·</span> 
     </span>
     <span class='ocr_line' id='line_1_28' title="bbox 562 3215 1718 3317; baseline 0.003 -23"><span class='ocrx_word' id='word_1_228' title='bbox 562 3242 715 3317; x_wconf 90' lang='lat' dir='ltr'>ponam,</span> <span class='ocrx_word' id='word_1_229' title='bbox 740 3216 813 3291; x_wconf 89' lang='lat' dir='ltr'>srve</span> <span class='ocrx_word' id='word_1_230' title='bbox 828 3236 974 3311; x_wconf 89' lang='lat' dir='ltr'>pacem,</span> <span class='ocrx_word' id='word_1_231' title='bbox 999 3215 1248 3306; x_wconf 88' lang='lat' dir='ltr'>concordiam,</span> <span class='ocrx_word' id='word_1_232' title='bbox 1273 3219 1519 3311; x_wconf 87' lang='lat' dir='ltr'>tolerantiam,</span> <span class='ocrx_word' id='word_1_233' title='bbox 1535 3222 1718 3313; x_wconf 89' lang='lat' dir='ltr'>suadeam,</span> 
     </span>
    </p>
   </div>
   <div class='ocr_carea' id='block_1_5' title="bbox 425 3312 1720 3414">
    <p class='ocr_par' dir='ltr' id='par_1_6' title="bbox 425 3312 1720 3414">
     <span class='ocr_line' id='line_1_29' title="bbox 425 3312 1720 3414; baseline 0.003 -22"><span class='ocrx_word' id='word_1_234' title='bbox 425 3341 427 3345; x_wconf 69' lang='grc'>’</span> <span class='ocrx_word' id='word_1_235' title='bbox 563 3312 611 3392; x_wconf 81' lang='lat' dir='ltr'>dt&#39;</span> <span class='ocrx_word' id='word_1_236' title='bbox 633 3316 815 3414; x_wconf 84' lang='lat' dir='ltr'>quibusvis</span> <span class='ocrx_word' id='word_1_237' title='bbox 834 3313 1029 3389; x_wconf 86' lang='lat' dir='ltr'>rationibus</span> <span class='ocrx_word' id='word_1_238' title='bbox 1050 3316 1277 3391; x_wconf 90' lang='lat' dir='ltr'>moventibus</span> <span class='ocrx_word' id='word_1_239' title='bbox 1297 3317 1494 3409; x_wconf 87' lang='lat' dir='ltr'>approbare</span> <span class='ocrx_word' id='word_1_240' title='bbox 1521 3318 1720 3410; x_wconf 91' lang='lat' dir='ltr'>instituam,</span> 
     </span>
    </p>
   </div>
   <div class='ocr_carea' id='block_1_6' title="bbox 563 3408 1720 3697">
    <p class='ocr_par' dir='ltr' id='par_1_7' title="bbox 563 3408 1720 3697">
     <span class='ocr_line' id='line_1_30' title="bbox 563 3408 1718 3510; baseline 0.002 -21"><span class='ocrx_word' id='word_1_241' title='bbox 563 3416 756 3492; x_wconf 85' lang='lat' dir='ltr'>amicitiam</span> <span class='ocrx_word' id='word_1_242' title='bbox 778 3413 888 3490; x_wconf 89' lang='lat' dir='ltr'>etiam</span> <span class='ocrx_word' id='word_1_243' title='bbox 908 3412 1059 3489; x_wconf 87' lang='lat' dir='ltr'>ambiam</span> <span class='ocrx_word' id='word_1_244' title='bbox 1081 3408 1208 3510; x_wconf 91' lang='lat' dir='ltr'>(quem</span> <span class='ocrx_word' id='word_1_245' title='bbox 1230 3412 1329 3488; x_wconf 90' lang='lat' dir='ltr'>usum</span> <span class='ocrx_word' id='word_1_246' title='bbox 1351 3416 1501 3489; x_wconf 90' lang='lat' dir='ltr'>verbum</span> <span class='ocrx_word' id='word_1_247' title='bbox 1519 3442 1575 3491; x_wconf 69' lang='lat' dir='ltr'>mr</span> <span class='ocrx_word' id='word_1_248' title='bbox 1589 3418 1718 3492; x_wconf 86' lang='lat' dir='ltr'>eximie</span> 
     </span>
     <span class='ocr_line' id='line_1_31' title="bbox 565 3508 1720 3607; baseline 0.006 -24"><span class='ocrx_word' id='word_1_249' title='bbox 565 3513 735 3603; x_wconf 85' lang='lat' dir='ltr'>praefert,</span> <span class='ocrx_word' id='word_1_250' title='bbox 757 3514 813 3588; x_wconf 89' lang='lat' dir='ltr'>uti</span> <span class='ocrx_word' id='word_1_251' title='bbox 833 3511 915 3587; x_wconf 91' lang='lat' dir='ltr'>alibi</span> <span class='ocrx_word' id='word_1_252' title='bbox 937 3537 957 3583; x_wconf 85' lang='lat' dir='ltr'>o</span> <span class='ocrx_word' id='word_1_253' title='bbox 985 3512 1075 3605; x_wconf 85' lang='lat' dir='ltr'>saepe</span> <span class='ocrx_word' id='word_1_254' title='bbox 1096 3508 1303 3607; x_wconf 91' lang='lat' dir='ltr'>observavi)</span> <span class='ocrx_word' id='word_1_255' title='bbox 1320 3509 1391 3584; x_wconf 87' lang='lat' dir='ltr'>five</span> <span class='ocrx_word' id='word_1_256' title='bbox 1403 3514 1559 3587; x_wconf 90' lang='lat' dir='ltr'>innocua</span> <span class='ocrx_word' id='word_1_257' title='bbox 1571 3514 1720 3590; x_wconf 89' lang='lat' dir='ltr'>fundam</span> 
     </span>
     <span class='ocr_line' id='line_1_32' title="bbox 566 3606 1719 3697; baseline 0.007 -20"><span class='ocrx_word' id='word_1_258' title='bbox 566 3610 678 3679; x_wconf 86' lang='lat' dir='ltr'>verba</span> <span class='ocrx_word' id='word_1_259' title='bbox 705 3610 792 3697; x_wconf 92' lang='lat' dir='ltr'>alia,</span> <span class='ocrx_word' id='word_1_260' title='bbox 821 3610 871 3684; x_wconf 90' lang='lat' dir='ltr'>illi</span> <span class='ocrx_word' id='word_1_261' title='bbox 895 3608 939 3679; x_wconf 86' lang='lat' dir='ltr'>od</span> <span class='ocrx_word' id='word_1_262' title='bbox 960 3611 1077 3680; x_wconf 84' lang='lat' dir='ltr'>bellum</span> <span class='ocrx_word' id='word_1_263' title='bbox 1101 3630 1203 3693; x_wconf 83' lang='lat' dir='ltr'>mos,</span> <span class='ocrx_word' id='word_1_264' title='bbox 1241 3606 1461 3684; x_wconf 88' lang='lat' dir='ltr'>occasronem</span> <span class='ocrx_word' id='word_1_265' title='bbox 1489 3634 1547 3687; x_wconf 92' lang='lat' dir='ltr'>me</span> <span class='ocrx_word' id='word_1_266' title='bbox 1568 3612 1719 3687; x_wconf 82' lang='lat' dir='ltr'>vexandi</span> 
     </span>
    </p>
   </div>
   <div class='ocr_carea' id='block_1_7' title="bbox 443 3702 1719 3798">
    <p class='ocr_par' dir='ltr' id='par_1_8' title="bbox 443 3702 1719 3798">
     <span class='ocr_line' id='line_1_33' title="bbox 443 3702 1719 3798; baseline 0.013 -31"><span class='ocrx_word' id='word_1_267' title='bbox 443 3764 446 3767; x_wconf 78' lang='grc'>,</span> <span class='ocrx_word' id='word_1_268' title='bbox 566 3720 633 3797; x_wconf 86' lang='lat' dir='ltr'>per</span> <span class='ocrx_word' id='word_1_269' title='bbox 646 3717 760 3792; x_wconf 90' lang='lat' dir='ltr'>artes,</span> <span class='ocrx_word' id='word_1_270' title='bbox 784 3728 849 3798; x_wconf 90' lang='lat' dir='ltr'>per</span> <span class='ocrx_word' id='word_1_271' title='bbox 862 3702 1230 3797; x_wconf 87' lang='lat' dir='ltr'>calumnias,aliasque</span> <span class='ocrx_word' id='word_1_272' title='bbox 1244 3704 1541 3796; x_wconf 87' lang='lat' dir='ltr'>machinationes,</span> <span class='ocrx_word' id='word_1_273' title='bbox 1560 3709 1642 3783; x_wconf 91' lang='lat' dir='ltr'>inde</span> <span class='ocrx_word' id='word_1_274' title='bbox 1659 3730 1719 3783; x_wconf 86' lang='lat' dir='ltr'>ex·</span> 
     </span>
    </p>
   </div>
   <div class='ocr_carea' id='block_1_8' title="bbox 566 3799 1720 3891">
    <p class='ocr_par' dir='ltr' id='par_1_9' title="bbox 566 3799 1720 3891">
     <span class='ocr_line' id='line_1_34' title="bbox 566 3799 1720 3891; baseline 0.006 -16"><span class='ocrx_word' id='word_1_275' title='bbox 566 3812 752 3891; x_wconf 84' lang='lat' dir='ltr'>torquent.</span> <span class='ocrx_word' id='word_1_276' title='bbox 802 3802 852 3873; x_wconf 91' lang='lat' dir='ltr'>llli</span> <span class='ocrx_word' id='word_1_277' title='bbox 867 3800 909 3875; x_wconf 90' lang='lat' dir='ltr'>ad</span> <span class='ocrx_word' id='word_1_278' title='bbox 927 3801 1067 3883; x_wconf 85' lang='lat' dir='ltr'>bellum,</span> <span class='ocrx_word' id='word_1_279' title='bbox 1092 3799 1135 3871; x_wconf 89' lang='lat' dir='ltr'>ad</span> <span class='ocrx_word' id='word_1_280' title='bbox 1150 3800 1221 3871; x_wconf 79' lang='lat' dir='ltr'>odia</span> <span class='ocrx_word' id='word_1_281' title='bbox 1238 3800 1320 3874; x_wconf 92' lang='lat' dir='ltr'>mihi</span> <span class='ocrx_word' id='word_1_282' title='bbox 1340 3804 1564 3891; x_wconf 88' lang='lat' dir='ltr'>concitanda,</span> <span class='ocrx_word' id='word_1_283' title='bbox 1585 3806 1720 3881; x_wconf 90' lang='lat' dir='ltr'>adom·</span> 
     </span>
    </p>
   </div>
   <div class='ocr_carea' id='block_1_9' title="bbox 418 3893 1720 3993">
    <p class='ocr_par' dir='ltr' id='par_1_10' title="bbox 418 3893 1720 3993">
     <span class='ocr_line' id='line_1_35' title="bbox 418 3893 1720 3993; baseline 0.002 -21"><span class='ocrx_word' id='word_1_284' title='bbox 418 3896 425 3905; x_wconf 83' lang='grc'><strong>’</strong></span> <span class='ocrx_word' id='word_1_285' title='bbox 513 3909 516 3916; x_wconf 79' lang='grc'><em>“</em></span> <span class='ocrx_word' id='word_1_286' title='bbox 571 3895 673 3973; x_wconf 86' lang='lat' dir='ltr'>nium</span> <span class='ocrx_word' id='word_1_287' title='bbox 694 3893 832 3967; x_wconf 82' lang='lat' dir='ltr'>invidiae</span> <span class='ocrx_word' id='word_1_288' title='bbox 855 3896 891 3970; x_wconf 80' lang='lat' dir='ltr'>u</span> <span class='ocrx_word' id='word_1_289' title='bbox 909 3893 1113 3971; x_wconf 88' lang='lat' dir='ltr'>contemtui</span> <span class='ocrx_word' id='word_1_290' title='bbox 1131 3896 1406 3993; x_wconf 84' lang='lat' dir='ltr'>exponendum,</span> <span class='ocrx_word' id='word_1_291' title='bbox 1430 3902 1474 3981; x_wconf 91' lang='lat' dir='ltr'>ad</span> <span class='ocrx_word' id='word_1_292' title='bbox 1494 3926 1552 3981; x_wconf 88' lang='lat' dir='ltr'>me</span> <span class='ocrx_word' id='word_1_293' title='bbox 1572 3902 1720 3989; x_wconf 82' lang='lat' dir='ltr'>honori·</span> 
     </span>
    </p>
   </div>
   <div class='ocr_carea' id='block_1_10' title="bbox 1587 4000 1781 4090">
    <p class='ocr_par' dir='ltr' id='par_1_11' title="bbox 1587 4000 1781 4090">
     <span class='ocr_line' id='line_1_36' title="bbox 1587 4000 1781 4090; baseline -0.026 -10"><span class='ocrx_word' id='word_1_294' title='bbox 1587 4000 1781 4090; x_wconf 77' lang='lat' dir='ltr'>‚bus,·</span> 
     </span>
    </p>
   </div>
   <div class='ocr_carea' id='block_1_11' title="bbox 562 4084 1529 4221">
    <p class='ocr_par' dir='ltr' id='par_1_12' title="bbox 562 4084 1529 4221">
     <span class='ocr_line' id='line_1_37' title="bbox 562 4084 1529 4221; baseline 0.006 -44"><span class='ocrx_word' id='word_1_295' title='bbox 562 4156 565 4162; x_wconf 58' lang='grc'>,</span> <span class='ocrx_word' id='word_1_296' title='bbox 609 4102 730 4184; x_wconf 67' lang='lat' dir='ltr'>ava</span> <span class='ocrx_word' id='word_1_297' title='bbox 751 4100 882 4179; x_wconf 64' lang='lat' dir='ltr'>uum</span> <span class='ocrx_word' id='word_1_298' title='bbox 903 4084 1090 4187; x_wconf 67' lang='lat' dir='ltr'>comm</span> <span class='ocrx_word' id='word_1_299' title='bbox 1113 4114 1155 4189; x_wconf 70' lang='lat' dir='ltr'>aa</span> <span class='ocrx_word' id='word_1_300' title='bbox 1175 4110 1258 4189; x_wconf 82' lang='lat' dir='ltr'>na</span> <span class='ocrx_word' id='word_1_301' title='bbox 1280 4110 1330 4187; x_wconf 78' lang='lat' dir='ltr'>aa</span> <span class='ocrx_word' id='word_1_302' title='bbox 1353 4111 1385 4181; x_wconf 82' lang='lat' dir='ltr'>a</span> <span class='ocrx_word' id='word_1_303' title='bbox 1406 4112 1471 4221; x_wconf 49' lang='grc' dir='ltr'>ιφ.</span> <span class='ocrx_word' id='word_1_304' title='bbox 1524 4170 1529 4177; x_wconf 96' lang='grc'><em>.</em></span> 
     </span>
    </p>
   </div>
   <div class='ocr_carea' id='block_1_12' title="bbox 0 0 2019 5159">
    <p class='ocr_par' dir='ltr' id='par_1_13' title="bbox 0 0 2019 5159">
     <span class='ocr_line' id='line_1_38' title="bbox 0 0 2019 5159; baseline 0 0"><span class='ocrx_word' id='word_1_305' title='bbox 0 0 2019 5159; x_wconf 95' lang='lat' dir='ltr'> </span> 
     </span>
    </p>
   </div>
  </div>
 </body>
</html>
