3984 5159
373 556 450 616 in
530 533 559 612 ι’
616 517 649 612 s‘
691 534 725 612 n
774 536 807 614 n
854 510 1276 635 M.'cxxx1v23.
1343 491 1472 640 .4”εςΙ

220 823 225 844 ,
267 757 285 808 e
303 727 416 825 Tfione
432 725 475 804 fit
488 751 571 805 curn
586 730 760 823 populus,
776 727 843 804 acii
857 728 1052 804 haberetur
1064 755 1119 842 pu
1139 756 1178 816 nn
1187 731 1327 825 populus
1340 720 1438 818 Tfio·

268 836 341 921 nis,
383 847 459 904 tum
485 828 726 919 unusquisque
753 828 800 900 de·
817 825 972 914 Tfione,
1014 827 1149 914 cuijus
1177 828 1329 908 civitatis
1357 825 1433 914 ejus

268 929 456 1021 competit.
507 925 605 997 Nihil
631 939 748 1010 vetat,
780 941 822 998 ut
848 923 998 1016 amplior
1022 921 1139 1004 sensus
1165 923 1226 1010 fit,
1254 921 1431 1010 statuere,

269 1025 537 1121 ambiguitatem
563 1019 679 1096 studio
703 1020 773 1094 eise
792 1037 990 1116 captatam,
1033 1032 1076 1094 ut
1095 1021 1215 1094 omnia
1238 1020 1312 1092 haec
1333 1039 1432 1092 com·

272 1122 602 1224 prehenderentur,
635 1122 765 1212 quippe
785 1140 968 1209 connexa,
1002 1115 1130 1198 &huc
1154 1115 1248 1187 redte
1264 1117 1431 1211 quadran·

273 1225 332 1300 tia„
364 1219 502 1312 jehova
526 1217 621 1293 enim
638 1217 797 1292 'sfionite
817 1214 912 1290 reste
927 1214 1058 1288 dicitur
1076 1211 1201 1288 Tfioni
1218 1213 1432 1287 benedicere

275 1317 486 1394 eTt'ione.v
1189 1337 1209 1344 Ν·

328 1419 361 1504 §.
377 1411 454 1484 ΧΗ.
488 1409 540 1483 Ex
564 1413 709 1504 quibus,
745 1433 848 1505 quam
875 1425 959 1506 apte
987 1425 1096 1504 poeta
1121 1409 1206 1486 ioco
1230 1412 1321 1484 uobis
1340 1403 1435 1478 dixe·

277 1515 329 1589 rit
346 1514 407 1582 tibi
424 1510 631 1600 benedicet,
657 1510 844 1599 elucescit,
870 1509 941 1582 five
961 1506 1205 1592 distributive,
1233 1523 1273 1578 ut
1287 1505 1437 1595 dicitur,

280 1608 459 1702 capiatur,
473 1621 550 1699 ¹pru
563 1613 675 1701 cuique
691 1603 869 1697 uestrum,
897 1629 986 1700 quos
1003 1605 1046 1678 ad
1062 1604 1210 1696 Jehovae
1226 1603 1440 1677 benedicen-

283 1709 368 1803 dum
391 1702 563 1785 excitavi,
588 1701 774 1795 quodiam
787 1722 1005 1800 occupatum
1018 1699 1089 1789 est,
1115 1701 1186 1776 five
1203 1701 1246 1774 ad
1264 1701 1439 1796 populum

282 1801 449 1884 Bionis,
484 1798 673 1874 collettive
692 1799 870 1890 sumtum,
907 1801 1132 1895 respiciatur,
1165 1819 1257 1873 voce
1282 1824 1297 1872 e
1325 1793 1439 1888 Tfione

282 1897 402 1976 ansam
422 1899 618 1989 praebente,
681 1894 741 1969 Est
767 1899 890 1991 utique
912 1920 1144 1989 numerorum
1165 1895 1351 1993 permixtio
1367 1894 1439 1969 hoc

282 1998 322 2073 in
338 1992 419 2069 casu
439 1996 517 2067 [atis
532 1993 656 2068 usitata
669 1993 705 2068 u
718 1994 850 2085 facilis,
875 2015 916 2072 ut
928 1998 1126 2092 de'populo
1140 1994 1248 2069 modo
1264 1994 1302 2068 in
1322 1993 1437 2088 plue,

284 2092 400 2170 modo
423 2097 461 2164 in
483 2089 587 2189 ling„
612 2096 751 2167 mentio
771 2089 852 2168 fiat:
877 2095 973 2190 quod
999 2097 1057 2168 hic
1082 2117 1128 2168 eo
1149 2089 1442 2168 reuiusadnitti·

287 2204 367 2274 tur,
401 2188 481 2280 quia
514 2191 665 2284 populus
686 2192 731 2287 Vin
757 2213 877 2266 unum:
895 2189 1057 2282 coastus,
1088 2193 1250 2290 adeoque
1276 2206 1441 2287 tanquam

289 2291 429 2379 uetitus,
449 2285 527 2380 hic,
552 2305 593 2365 ut
607 2290 708 2386 iupra
729 2290 902 2386 vidimus,
926 2289 1180 2370 confidentur.
