3984 5159
554 523 629 621 ⁶94
753 477 1539 582 conuensuusos

627 1097 905 1214 esu
974 1090 1023 1197 L
1095 1087 1167 1194 n.
1244 999 1639 1188 onmes.

582 1431 614 1487 1.
641 1401 793 1505 Psaimus
816 1395 979 1473 Daoidis.
1031 1387 1146 1478 Audi,
1173 1381 1326 1486 Jedooa,
1346 1373 1601 1477 postulatoriorn
1621 1389 1719 1452 mtto

649 1529 885 1628 peecanourru,
909 1539 1021 1593 auersus
1030 1513 1135 1610 probe
1142 1503 1298 1600 stridsdis
1312 1488 1698 1596 uuitsuppiitationitus
1705 1549 1723 1592 ,

650 1633 1106 1750 pmoeritatttuarrsptndt
1118 1632 1220 1719 niti,
1241 1619 1542 1723 prup'ussitiadtffl
1854 1659 1855 1666 κ

579 1797 619 1854 2.
643 1769 695 1848 Et
713 1793 753 1845 ne
774 1771 878 1840 intres
899 1781 972 1834 cum
982 1754 1084 1853 seron
1108 1767 1165 1827 tuo
1184 1747 1418 1846 inpudicum,
1442 1747 1522 1842 qua
1538 1749 1721 1820 manni·

649 1885 851 1988 uensjustus
865 1886 1051 1957 eritcorom
1069 1891 1110 1953 te.
1361 1967 1363 1972 Ι

578 2042 614 2115 3.
640 2014 734 2116 Quia
750 2007 953 2108 persequitur
979 1997 1075 2094 tostis
1096 2003 1240 2074 animan
1260 2015 1384 2082 meaos,
1418 1993 1586 2066 contrivit
1604 1995 1643 2066 in
1658 2005 1722 2066 trr-

650 2156 724 2206 ram
745 2129 1052 2223 coagmentationem
1078 2140 1199 2210 meam,
1232 2115 1276 2202 δ’
1291 2115 1402 2215 sedeas
1421 2107 1724 2208 ufuitdsdocs't'

649 2244 850 2341 tenebricofis
864 2243 969 2339 instar
981 2236 1303 2336 mortuorunsecuii.

579 2396 616 2466 4.
641 2371 692 2446 Et
714 2367 855 2464 tristitia
862 2365 964 2465 super
977 2389 1027 2438 me
1042 2364 1256 2437 convolvetur
1260 2354 1406 2454 spiritus
1422 2375 1535 2446 meus,
1561 2359 1602 2429 in
1615 2357 1723 2431 medie

649 2497 712 2567 mei
734 2486 915 2588 obstupefiet
935 2480 1211 2583 quassfideratum
1224 2500 1276 2551 cor
1289 2499 1405 2552 meum.

578 2634 613 2708 5.
639 2611 801 2688 Recordur
822 2612 948 2684 dimum
968 2605 1012 2680 ab
1030 2607 1191 2698 anm,
1224 2597 1317 2693 apua
1341 2601 1377 2670 in
1400 2601 1509 2672 omnia
1528 2611 1586 2672 tua
1609 2612 1718 2693 opera

651 2733 775 2819 ardua,
802 2735 838 2804 in
858 2745 947 2826 opere
964 2745 1119 2802 ntarottttm
1133 2739 1266 2794 marum
1282 2720 1475 2792 discurrant.

579 2855 615 2928 6.
640 2848 801 2953 Expende
825 2853 947 2935 manus·
963 2868 1049 2920 meas
1072 2843 1114 2916 ad
1139 2837 1205 2932 Tc,
1227 2843 1342 2928 anima
1362 2861 1433 2914 oua
1468 2851 1538 2914 scut
1560 2853 1659 2914 terra
1673 2839 1726 2935 fi·

653 2963 788 3063 titulosa
816 2963 903 3041 Ten.
954 2966 1051 3038 Seio!

579 3113 615 3188 p.
639 3087 772 3184 Festina
796 3083 942 3183 responde
963 3087 1074 3173 midi,
1109 3080 1265 3184 Jedooa!
1300 3078 1480 3178 consumtus
1506 3083 1553 3179 est
1563 3087 1725 3186 spirim

651 3232 762 3300 meus,
800 3233 840 3284 ne
863 3209 997 3314 occultes
1016 3199 1143 3295 faciem
1166 3219 1257 3277 tuam
1280 3225 1301 3274 a
1323 3226 1392 3292 me,
1432 3199 1475 3286 δ’
1497 3210 1664 3287 troducn
1687 3225 1727 3296 in

654 3334 832 3428 exemplum
853 3352 926 3402 cum
939 3326 1196 3400 descendentibus
1210 3329 1246 3396 in
1255 3319 1405 3414 foueam.

580 3453 614 3529 8.
642 3450 771 3528 Audire
792 3476 842 3526 me
857 3444 921 3542 fac
941 3471 1035 3522 nane
1054 3448 1288 3542 benignitatem
1310 3458 1418 3534 tuam,
1444 3451 1521 3541 quia
1540 3454 1723 3556 tibiconfi

652 3574 712 3662 do,
737 3587 846 3647 notam
868 3572 947 3645 midi
964 3566 1029 3660 fac
1053 3573 1165 3657 uiam,
1196 3587 1261 3662 qua
1282 3567 1468 3657 ambulabo,
1502 3574 1580 3662 quia
1604 3579 1651 3649 aa
1675 3581 1723 3658 Tg

595 3765 601 3776 ,
643 3687 769 3783 sufiuii
785 3697 929 3765 animant
946 3713 1058 3764 meam
1186 3719 1193 3732 ·

579 3832 614 3906 ς.
640 3806 745 3902 Eripe
778 3833 826 3882 me
854 3789 991 3903 hostibus
1018 3813 1123 3897 meis,
1158 3803 1311 3904 Jehovo‚
1352 3809 1394 3882 ad
1420 3805 1466 3882 Te
1485 3815 1720 3907 proteitiomm

653 3949 776 4022 mean,
801 3932 861 4004 vel
876 3933 919 4004 ad
939 3927 1113 4026 Tespeiiat
1125 3925 1276 4026 proteitio
1291 3950 1371 4004 mea.

1534 4109 1595 4169 10.
1624 4094 1716 4172 Doce
