3984 5159
395 523 461 591 ru
507 471 563 585 ³1>
610 505 797 590 snt
843 509 901 590 n.
931 500 950 572 ὁ
980 512 1283 624 carr-11:34.
1359 550 1428 630 319

273 681 327 770 ‘iris
346 690 376 764 dr
397 685 535 762 effectis
561 705 703 770 carere,
728 684 826 757 nullo
840 704 883 756 en
900 682 1031 760 indicio
1047 699 1189 781 patere,
1217 691 1251 763 se
1268 689 1339 768 esse
1353 691 1425 767 Dei

271 790 445 884 populum
466 783 704 880 peculiarem,
730 803 750 852 a
774 781 854 852 Deo
875 781 1095 869 redemtum,
1121 786 1153 858 dt
1181 787 1216 859 in
1240 788 1338 878 cujus
1354 811 1426 864 me·

267 885 332 958 'dio
355 885 452 956 Deus
476 881 634 953 habitare
657 875 902 950 consueverat.
936 899 968 950 2.
982 881 1027 952 Se
1048 877 1138 970 juste
1160 883 1195 954 dc
1217 885 1346 957 merito
1360 883 1425 958 suo
1526 899 1530 906 '

266 982 312 1057 iis
336 981 436 1078 signis
459 977 529 1049 csse
548 977 737 1070 privatos,
770 974 805 1046 dc
826 972 975 1047 in'hunc
993 975 1140 1050 miserie
1155 976 1305 1068 llatunr,
1321 1001 1427 1071 quot

269 1077 353 1151 Deo
383 1077 594 1147 videbantur
618 1067 760 1161 rejecti,
787 1068 964 1162 delapsos:
990 1071 1026 1144 id
1042 1075 1141 1148 enirn
1162 1075 1345 1148 mamseste
1369 1079 1422 1152 in»

263 1189 414 1260 nuunt,
440 1192 522 1243 curn
543 1173 687 1264 gratiam
711 1165 780 1238 Dei
802 1166 1002 1259 inplorant,
1033 1169 1067 1241 dc
1088 1191 1163 1244 non
1184 1171 1226 1244 ad
1235 1175 1316 1264 ejus
1326 1172 1423 1265 juni·

269 1273 356 1346 tiam
383 1281 591 1362 provocant.
641 1286 674 1357 3.
695 1261 746 1337 se*
763 1283 891 1358 magno
911 1263 948 1335 in
968 1263 1103 1355 pristini
1129 1267 1237 1342 status
1258 1268 1423 1346 instaura·
1449 1299 1452 1305 ·

270 1370 417 1440 tionem
437 1361 521 1435 ferri
543 1359 733 1449 defiderio,
765 1358 926 1452 adeoque
944 1356 1103 1434 submisse
1119 1363 1225 1437 instar
1240 1366 1422 1452 servorum

267 1464 322 1534 ad
338 1461 407 1532 Dci
429 1458 651 1532 clementiam
667 1456 699 1529 dc
718 1455 971 1552 benignitatem
987 1458 1183 1547 respicere,
1210 1479 1250 1533 ut
1264 1464 1421 1558 antiquas

276 1557 477 1654 largitiones
501 1553 668 1642 resumat,
706 1570 851 1647 peccata
878 1551 1079 1639 condonet,
1116 1554 1150 1625 dt
1175 1556 1212 1628 in
1236 1557 1419 1650 pristinum

277 1653 399 1727 statum
412 1651 549 1725 fauoris
562 1673 603 1724 ac
617 1646 860 1722 beneficentiae
875 1645 1041 1722 restituat.
1088 1646 1264 1726 Caeterum
1279 1659 1419 1750 empna.

274 1751 297 1824 sr
321 1772 394 1824 non
417 1763 537 1837 caret,
562 1748 658 1840 quod
678 1743 712 1817 se
727 1745 769 1818 ad
786 1745 904 1819 Deum
917 1745 1090 1839 respicere
1105 1743 1299 1838 testentur,
1325 1753 1419 1828 doner

269 1845 329 1921 fibi
349 1847 495 1945 gratiam
521 1843 645 1918 faeiat:
679 1863 725 1915 eo
746 1843 842 1916 eninr
864 1839 1065 1939 significant.
1116 1867 1147 1918 a.
1169 1849 1215 1919 Se
1237 1845 1328 1920 haud
1348 1850 1419 1922 exi·

257 1939 337 2018 'uo
358 1962 522 2036 ternpore
544 1941 662 2037 gratiae
683 1939 811 2012 divinae
831 1937 930 2108 fiffnss
952 1939 1105 2014 caruisse.
1150 1945 1179 2016 b.
1203 1965 1223 2016 a
1244 1941 1418 2020 desideriis
1499 1987 1505 2002 ι

268 1967 299 2113 ᾗ
327 2042 492 2135 precibus
514 2059 589 2111 non
610 2034 823 2125 cessaturos,
866 2058 959 2114 onec
981 2053 1150 2114 votorum
1176 2038 1311 2115 fuerint
1333 2040 1416 2117 fatti

255 2152 464 2232 compotes.
515 2157 544 2208 t.
570 2133 735 2226 Denique
754 2139 919 2228 patienter
939 2135 1024 2210 illud
1043 2150 1180 2231 tempus
1202 2135 1417 2232 exspectatu-
1447 2195 1450 2204 .

259 2256 346 2323 ros,
371 2255 442 2326 quo
466 2231 566 2305 Deus
588 2229 764 2324 optimum
785 2231 820 2303 dc
836 2246 1080 2323 opportunum
1095 2219 1328 2325 judicaverit,
1354 2259 1415 2330 po

254 2329 353 2423 'pulo
375 2331 438 2403 suo
458 2341 621 2400 veterem
642 2324 790 2398 reddere
809 2324 983 2400 favorem.
1026 2330 1056 2401 d.
1075 2329 1279 2417 Postremo,
1311 2337 1346 2404 se
1363 2335 1415 2410 in.

267 2443 365 2516 terea
384 2426 428 2498 ad
449 2423 543 2498 nulla
566 2423 632 2495 alia
654 2423 768 2497 media
791 2420 1031 2516 respesturos‚
1062 2425 1186 2515 quibus
1209 2426 1411 2500 calamitati·
1459 2469 1460 2472 =

267 2524 375 2598 bus&
390 2519 722 2612 exilioeripiantur,
739 2518 820 2610 sed,
836 2519 1034 2594 idololatria
1050 2520 1190 2613 penitus
1209 2521 1412 2614 repudiata,

249 2619 299 2694 'dt
316 2619 499 2693 hominurn
513 2613 796 2708 auxiliospreto,
820 2617 902 2690 Deo
916 2614 1110 2688 adhaesuros
1125 2613 1205 2688 elle.

208 2765 212 2772 -
249 2707 257 2806 ᾖ
312 2715 458 2807 §.Xlll
490 2715 613 2786 Altera
640 2713 769 2785 cantici
792 2731 890 2805 pars,
926 2733 1003 2806 quae
1019 2725 1127 2807 preces
1151 2713 1411 2805 continetr&
1486 2771 1493 2786 ,

249 2819 406 2887 ‘rationes
419 2812 460 2882 ad
468 2809 584 2882 Deum
601 2807 816 2881 movendum
828 2857 839 2895 ,
851 2809 973 2902 quibus
984 2821 1092 2904 preces
1106 2825 1315 2908 urgentur,a
1326 2835 1412 2889 con·

245 2897 411 2982 '‘tumelia
427 2907 464 3005 1δι
484 2906 710 2980 insultatione
733 2905 965 2996 superborum
985 2906 1176 2994 delumtas,
1207 2911 1256 2983 ita
1280 2911 1410 3001 habet,

245 2997 350 3078 'vers
373 3007 463 3098 Μ
490 3001 582 3076 Faue
605 3003 714 3085 nobis,
741 2997 873 3100 Jeboua
890 2999 980 3093 *fam
997 3007 1106 3077 nullst
1125 3004 1281 3102 forestim
1300 3021 1410 3081 contu·

245 3107 356 3192 'rnelia
366 3101 490 3195 fotian·
503 3099 641 3196 furnus:
665 3103 803 3169 nimium
817 3095 950 3193 salioru
964 3099 1409 3197 estfibionimanoflrasub·

244 3214 251 3294 j
253 3195 449 3291 sonnatium
470 3194 721 3292 insolescentium
729 3221 745 3284 ,·
768 3210 926 3269 contentu
937 3196 1161 3294 fflpolorum.
1185 3201 1219 3272 h.
1241 3221 1273 3273 e.
1300 3199 1357 3271 nd
1370 3213 1407 3272 te

244 3297 369 3383 rollo,
395 3293 550 3389 Jehova,
586 3293 729 3380 oculos,
762 3293 960 3367 attollamus
981 3317 1105 3370 omnes
1126 3317 1213 3382 nost
1246 3297 1407 3391 gratiam·

241 3395 328 3484 'que
352 3394 421 3464 Dei
442 3407 659 3482 quantocpus
681 3391 783 3463 nobis
804 3389 1000 3464 faciendam
1015 3393 1050 3464 in
1066 3391 1141 3462 haec
1159 3392 1266 3462 verba
1279 3391 1404 3482 implo-

242 3500 376 3562 ‘remus
393 3489 685 3579 &imploramusz
711 3486 854 3584 gratiam
870 3484 1072 3558 remiffionis
1089 3501 1338 3577 peccatorum,
1366 3487 1407 3560 li·

242 3585 449 3659 'berationis
477 3583 511 3656 dr
540 3581 768 3655 restitutionis
789 3583 824 3653 in
849 3579 1025 3673 pristinam
1048 3593 1151 3654 tcrrae
1172 3582 1206 3654 dt
1224 3583 1404 3664 bonorum

259 3681 498 3772 polseffionem
511 3730 523 3770 ,
538 3679 640 3752 nobis
654 3678 730 3766 sac,
755 3676 914 3771 Jehova,
932 3675 988 3749 sa'c
1002 3697 1104 3772 quarn
1121 3675 1296 3756 citiffime:
1316 3705 1404 3760 con·
1494 3675 1498 3682 ’

239 3783 389 3852 'temtus
413 3779 534 3863 enim,
571 3775 630 3868 qui
653 3776 688 3847 io
715 3798 781 3849 nos
803 3771 933 3849 effusus
948 3773 1019 3864 est,
1045 3774 1216 3870 nobisque
1233 3778 1405 3858 devoran.

262 3874 322 3947 dus
343 3876 464 3962 datto,
496 3890 568 3945 tarn
592 3871 652 3944 diu
673 3871 833 3960 duravit,
865 3871 900 3944 u
925 3877 995 3948 tam
1016 3893 1158 3970 magnus
1181 3897 1222 3950 ac
1241 3877 1404 3970 copiosus

260 3969 331 4062 cst,
357 3987 397 4047 ut
414 3993 495 4046 eum
512 3989 758 4062 concoquere,
788 3970 822 4044 dt
842 3971 905 4045 vix
923 3969 1071 4066 amplius
1092 3968 1161 4052 stne
1176 3971 1407 4070 reluctatione
1481 4047 1484 4050 .

416 4091 422 4098 ·
1307 4071 1403 4150 serre
