3984 5159
120 525 123 602 l

395 470 457 604 rs
531 523 559 601 r
604 525 628 600 s
676 522 712 600 n
761 521 792 602 t
839 523 895 604 nr.
968 523 1414 629 cxtv1:3‚4.·7⁶3

254 729 393 805 tutum,
426 737 499 791 non
527 737 623 790 nunc
643 728 802 804 rantum,
833 713 892 789 sed
913 736 976 813 per
990 729 1105 791 totam
1119 716 1249 805 vitan,
1273 714 1407 791 eosco-

181 818 184 823 ’
249 837 319 913 ρο,
352 831 391 888 ut
419 815 504 887 alios
535 813 598 888 suo
617 817 781 910 exemplo
801 812 845 886 ad
868 813 904 886 id
927 813 1129 889 faciendum
1151 815 1294 888 excitet.
1352 813 1407 886 Ex

249 935 323 1007 quo
350 913 438 985 ficut
461 926 574 1006 poetae
598 909 748 986 studium
769 912 806 985 in
830 910 950 986 Deum
965 910 1154 1001 elucescit,
1181 907 1402 1007 itapersonae

249 1030 393 1104 quoque
415 1008 562 1105 dignitas
586 1009 786 1106 colligitur,
812 1031 893 1085 cunr
910 1010 947 1083 in
961 1010 1162 1105 exemplum
1176 1026 1327 1105 ponatur
1343 1025 1405 1103 po·

120 1135 137 1200 ¹:
247 1107 335 1204 pulo
364 1105 581 1180 imitandum.
649 1105 758 1274 Qd
786 1127 873 1180 vero
944 1112 1009 1179 iore
1034 1108 1197 1181 membro
1215 1120 1275 1200 per
1296 1111 1406 1178 vitam

237 1203 339 1302 suam
362 1201 408 1275 se
421 1201 593 1278 facturum
614 1203 680 1276 dec
695 1217 788 1289 arat,
822 1201 882 1274 illu
928 1204 965 1276 in
978 1201 1157 1372 posterior
1180 1201 1341 1276 extendit
1361 1201 1406 1274 ad

123 1337 126 1348 ·
249 1299 360 1375 finem
381 1301 456 1389 ejus
485 1319 620 1394 usque:
653 1321 728 1393 quae
752 1295 956 1395 significatio
992 1303 1056 1374 atis
1082 1315 1170 1375 nota
1193 1299 1245 1374 est
1264 1299 1405 1373 vocula

246 1423 339 1485 ¹sarpa.
391 1396 444 1470 Ex
466 1419 537 1490 quo
559 1409 728 1492 preterea
747 1392 917 1494 patescit,
943 1413 1027 1469 eum
1047 1418 1121 1469 non
1142 1399 1188 1471 de
1209 1399 1280 1472 hoc
1295 1397 1403 1472 canti-

123 1535 138 1562 ι
249 1513 298 1567 co
319 1491 585 1588 eiselocutum,
611 1491 670 1566 sed
684 1494 719 1567 in
734 1512 865 1590 genere
880 1491 1000 1564 Deum
1016 1513 1081 1587 per
1093 1515 1201 1568 omne
1215 1495 1299 1570 vitae
1313 1511 1404 1572 tem-

249 1611 315 1686 pus
332 1590 400 1665 eise
416 1593 647 1665 laudaturum.
1032 1619 1038 1629 ·

297 1693 331 1780 §.
349 1687 427 1763 Vll.
461 1688 574 1762 Tertio
594 1708 690 1783 pars,
723 1707 800 1780 quae
826 1685 1112 1762 dehortationem
1134 1686 1403 1783 comprehendit

138 1817 139 1824 ¹
210 1783 418 1878 ‚afidocia
439 1788 476 1861 in
497 1785 712 1883 principibus
738 1784 923 1878 ponenda,
959 1784 1098 1858 ratione
1122 1785 1320 1857 avanitate
1340 1807 1401 1858 eo·
1550 1871 1553 1876 ⁸

129 1951 131 1954 .
246 1902 327 1959 rum
347 1885 458 1978 petita
482 1883 677 1970 firmatam,
702 1879 755 1953 his
776 1882 892 1954 verbis
907 1879 1076 1971 effertur,
1101 1880 1191 1956 vers.
1208 1901 1244 1975 3,
1257 1903 1291 1972 4.
1342 1880 1399 1978 Νς

238 1975 338 2072 fidite
350 1983 575 2074 principibus,
584 1975 659 2073 filio
674 1981 832 2066 hominis,
843 1993 940 2073 penes
956 2001 1047 2074 quem
1064 1981 1158 2051 nulla
1172 1977 1217 2071 est
1230 1981 1400 2053 literatior

129 2089 138 2132 ·‘
243 2077 428 2171 egredietur
444 2077 589 2174 spiritur
607 2077 698 2172 ejus,
723 2077 841 2148 redibit
863 2077 908 2148 ad
920 2079 1049 2149 humum
1056 2074 1179 2171 suam,
1196 2073 1260 2171 ipso
1276 2079 1333 2148 illo
1349 2078 1401 2149 dle

237 2175 397 2270 peribunt
411 2180 533 2248 nitores
549 2170 800 2268 ejussplendr'dr'.
813 2173 849 2248 h.
864 2195 896 2247 e.
946 2173 1037 2246 Cum
1053 2195 1117 2246 vos
1135 2171 1178 2244 ad
1192 2172 1311 2248 Deum
1326 2174 1399 2247 lau·

130 2332 132 2340 J
242 2268 399 2345 dandum
425 2270 568 2360 excito,
593 2271 691 2344 illurn
715 2267 827 2344 solum
850 2269 1000 2344 intendo
1024 2293 1044 2342 a
1066 2270 1168 2343 vobis
1196 2270 1398 2347 habendum

242 2363 313 2438 else
328 2366 565 2455 laudis‚limul
581 2363 943 2460 fiduciae‚0bjettun;
962 2365 1114 2463 sepositis
1131 2366 1237 2441 etiam
1255 2369 1396 2463 optimis

241 2460 278 2535 dt
291 2461 482 2561 magnificis
495 2465 711 2562 principibus
726 2515 739 2556 ,
765 2465 891 2558 quibus
910 2462 1009 2537 Deus
1025 2464 1135 2537 utitur
1148 2462 1194 2535 ad
1210 2484 1275 2538 vos
1290 2467 1396 2541 bean·

120 2557 123 2609 ²
240 2558 327 2652 dos3
340 2571 343 2578 “
358 2562 519 2656 adeoque
546 2585 592 2638 ne
613 2583 660 2638 eo
681 2561 919 2658 abripiamini,
943 2559 1039 2654 quod
1052 2558 1155 2633 facile
1170 2560 1283 2654 pollet
1297 2559 1394 2665 fieri,

240 2672 282 2731 ut
303 2659 543 2756 principibus,
576 2659 672 2754 quod
692 2658 774 2734 Deo
798 2658 992 2753 competit,
1024 2656 1205 2744 tribuatis,
1237 2658 1394 2754 expresse

125 2749 130 2798 ²
240 2775 307 2829 vos
330 2777 484 2844 moneo,
511 2777 556 2831 ne
574 2759 614 2831 iis
630 2753 762 2844 fidatis,
788 2775 941 2848 eosque,
957 2775 1025 2847 qua
1040 2773 1180 2830 autores
1196 2754 1395 2850 felicitatis,

120 2917 121 2922 ,
239 2849 411 2942 laudet1s3
436 2851 521 2926 sunt
541 2854 636 2929 enirn
664 2852 803 2946 &ipfi‚
831 2852 1068 2946 unusquisque
1092 2873 1217 2926 eorum
1231 2849 1395 2946 filiatio·

240 2950 472 3041 minis,cujus
486 2951 581 3025 nulla
597 2951 649 3024 vis
665 2947 717 3022 est
734 2948 1066 3043 liberandi,quique
1083 2947 1197 3024 statim
1212 2972 1252 3023 ac
1266 2950 1394 3027 halitus
1545 2973 1547 2978 ·
1630 2964 1632 2967 ’

237 3042 354 3118 vitalis
378 3043 627 3141 exspiraverit,
653 3046 795 3141 ipseque
819 3046 863 3120 ad
883 3061 1032 3134 terram,
1055 3048 1150 3120 unde
1168 3044 1298 3122 sumtus
1312 3046 1392 3141 est,

120 3145 122 3198 l
237 3141 403 3233 redierit,
429 3145 526 3240 quod
546 3143 609 3239 ipss
622 3159 724 3220 certo
738 3147 941 3242 continget,
965 3144 1000 3216 dc
1016 3145 1115 3219 omni
1128 3148 1314 3219 momento
1378 3181 1391 3202 ·

230 3236 328 3326 test,
369 3243 468 3316 omni
490 3241 554 3319 suo
577 3247 703 3332 nitore,
736 3243 883 3318 fortuna
906 3239 1105 3334 splendida,
1140 3242 1175 3314 dt
1197 3243 1313 3338 magni
1340 3241 1391 3319 cit

236 3336 500 3430 moliminibus,
534 3340 687 3428 excidit,
714 3363 792 3434 quae
817 3361 898 3414 cunr
922 3337 997 3430 ipso
1020 3337 1246 3414 evanescunt.
1295 3338 1390 3415 Con·

234 3433 355 3508 tinent
375 3439 487 3511 verba
506 3436 814 3527 dehortationem,
847 3435 976 3527 &ejus
998 3434 1153 3510 rationes
1166 3449 1390 3512 moventesa

234 3534 395 3606 vanitate
418 3533 618 3628 principum
644 3533 828 3609 desumtas.
878 3532 1093 3608 Dehortatio
1118 3534 1172 3606 his
1192 3532 1233 3608 fit
1250 3536 1387 3611 verbis:

227 3649 275 3702 rte
290 3625 387 3724 fidite
405 3634 620 3726 prinnpilus.
651 3631 688 3707 h.
717 3653 750 3706 e.
773 3631 869 3705 viros
891 3631 1073 3724 primarios
1090 3649 1124 3721 ,·
1144 3652 1247 3725 quam
1271 3633 1388 3722 bonos

228 3726 343 3802 etiam
364 3726 398 3800 δι
419 3725 634 3817 munificos,
672 3729 798 3822 quibus
817 3728 970 3804 nultum
992 3727 1131 3802 debetis
1155 3731 1191 3804 dt
1219 3730 1386 3825 aquibus

229 3825 387 3902 multum
417 3826 521 3902 vobis
549 3827 759 3922 promittere
795 3825 890 3921 posse
911 3825 1102 3916 videmini,
1140 3824 1226 3901 abiit
1248 3841 1288 3902 ut
1309 3842 1385 3903 tau·

229 3941 339 4014 quam
354 3922 603 4002 liberatores&
620 3922 865 3999 benefaitores
882 3923 1051 4011 laudetis,
1060 3923 1170 4018 iisque
1184 3923 1385 4014 innitemini

231 4034 400 4116 tanquam
423 4023 564 4100 ultus
612 4021 888 4195 verbfflffl
906 4019 1402 4190 conspetiumvehemeptist
1537 4021 1541 4028 '

282 4163 285 4173 .
342 4165 381 4194 ..·
902 4141 925 4195 2
1308 4138 1388 4194 imao
