3984 5159
476 486 594 577 ‚tn
665 485 1032 569 rantur.
1108 492 1298 598 cx1123.
1424 530 1473 604 31

303 686 433 771 linitio
467 684 503 761 o
531 684 640 781 glorio
657 701 795 771 ,mecum
820 678 919 771 sunt,
952 682 1040 760 dicit
1066 682 1264 782 sapientia,
1304 698 1471 791 opulentia

176 816 183 823 ·
305 792 445 867 edurum
462 778 664 881 refellite,
690 778 819 853 eodem
837 778 949 855 sensu
1000 786 1031 856 b.
1057 782 1225 861 Secundus
1240 786 1314 880 est,
1338 815 1382 867 ex
1401 793 1470 878 ufi·,
1551 806 1572 823 ”

304 902 379 965 tata
402 881 501 958 vocis
529 879 682 954 notione
696 924 719 986 ³.
741 897 809 969 qua
830 874 957 973 justum
979 878 1149 970 denotat,
1182 902 1225 960 ut
1248 886 1400 982 dicitur,
1422 896 1468 965 ti·

303 988 435 1071 tulum,
462 978 524 1054 seu
542 979 598 1075 jus
620 974 820 1072 legitimum
842 974 879 1049 in
900 997 997 1068 rem,
1018 976 1105 1073 justo
1128 982 1234 1058 titulo
1247 1004 1327 1061 eam
1337 1002 1468 1083 poten·

304 1083 390 1159 tiam
413 1080 549 1177 &opes
564 1074 693 1149 habere
707 1071 827 1166 pium,
853 1066 952 1151 fimul
973 1076 1105 1153 nullam
1120 1078 1164 1153 de
1180 1100 1226 1155 eo
1239 1104 1321 1160 cum
1335 1084 1467 1165 effectu
1535 1116 1540 1129 ·

303 1176 522 1255 movendam
554 1171 622 1246 elle
655 1172 692 1246 in
717 1168 900 1263 posterum
923 1174 1223 1267 controverliam,
1263 1202 1388 1259 verum
1408 1185 1467 1275 jur

304 1274 393 1349 illud
414 1275 489 1366 ejus
510 1270 547 1347 in
570 1269 674 1343 hasce
695 1288 784 1361 opes
799 1267 1006 1346 duraturum
1022 1271 1062 1345 in
1074 1292 1301 1369 perpetuum.
1353 1276 1466 1379 Jufii·

306 1379 359 1449 tia
383 1372 498 1466 itaque
515 1370 563 1461 pii
586 1366 674 1441 stare
698 1365 825 1440 dicitur
845 1366 1139 1463 inperpetuum,
1178 1391 1350 1468 quatenus
1368 1376 1465 1471 justo

306 1470 412 1546 titulo
433 1465 636 1561 pollidebit‚
652 1463 686 1535 lit
700 1464 872 1539 retinebit
886 1487 996 1563 opes,
1010 1467 1144 1562 absque
1154 1488 1196 1545 ut
1207 1493 1361 1569 unquam
1377 1497 1464 1551 con·

307 1568 390 1641 velli
419 1564 453 1639 &
478 1562 628 1637 refutari
652 1556 841 1656 polluite.
890 1585 922 1637 c.
952 1560 1087 1637 Tertius
1117 1567 1270 1662 denique
1299 1572 1381 1646 huic
1405 1572 1463 1647 ad·

305 1662 405 1750 finis,
427 1660 489 1735 sed
507 1662 577 1735 ulio
590 1659 719 1733 relatus
734 1656 769 1731 δι
786 1658 932 1765 ulterius
947 1658 982 1733 se
994 1664 1212 1755 extendens,
1229 1666 1322 1757 fert,
1342 1671 1399 1764 jus
1412 1670 1463 1765 pii

203 1820 212 1830 .
305 1762 348 1836 ad
364 1763 459 1835 bona
476 1756 633 1833 foederis
648 1754 803 1851 petenda
822 1754 1120 1855 &consequenda
1132 1762 1213 1837 fore
1227 1780 1462 1859 perpetuum,

304 1856 553 1933 &durabilem
576 1850 638 1949 ipli
661 1852 790 1928 horum
815 1854 993 1931 bonorum
1015 1856 1257 1952 polieffionem
1272 1860 1461 1940 fauturum.

305 1954 455 2057 Juflitia
477 1954 528 2049 pii
549 1954 668 2047 itaque
677 1951 735 2047 jus
747 1950 919 2041 denotat,
941 1953 1005 2049 ipfi
1019 1975 1064 2027 et
1077 1955 1236 2050 praestitis
1250 1959 1462 2034 conditioni·

303 2058 368 2133 bus
390 2049 546 2127 foederis
563 2048 601 2124 in
625 2048 700 2141 ejus
718 2049 813 2123 bona
829 2046 1042 2144 &promiffa
1055 2070 1231 2147 paratum.
1277 2054 1388 2158 Quod
1404 2058 1464 2153 jur

305 2173 381 2227 non
403 2148 454 2222 est
476 2170 520 2223 ex
549 2166 661 2242 opere
683 2144 891 2235 meritorio,
929 2146 988 2222 sed
1010 2148 1083 2223 sola
1104 2152 1178 2226 Dei
1202 2155 1340 2250 gratia‚'
1365 2148 1463 2230 unde

150 2326 154 2333 ,
304 2245 471 2345 promilla
492 2244 690 2332 fluxerunt,
724 2263 849 2317 verum
877 2244 915 2319 in
944 2248 1227 2324 veracitateDei
1252 2250 1462 2343 fundatum,

305 2366 376 2441 qua
392 2343 492 2417 Deus
513 2337 682 2437 promiffis
705 2340 743 2413 δι
762 2336 859 2413 dinis
883 2340 950 2417 suis
963 2339 1071 2419 fidem
1088 2342 1237 2440 prostat,
1287 2347 1379 2424 Cum
1397 2351 1461 2423 ita·

303 2463 376 2537 que
398 2439 619 2516 conditiones
638 2435 796 2511 foederis
816 2434 896 2513 sunt
914 2437 1131 2531 observatae,
1162 2444 1270 2541 exigit
1288 2446 1462 2520 veracitas

302 2539 396 2628 net,
422 2556 463 2615 ut
484 2539 578 2614 bona
599 2532 847 2629 repraesentet,
871 2536 907 2610 u
920 2536 1003 2611 inde
1019 2536 1174 2633 justitia,
1198 2539 1259 2615 seu
1269 2542 1329 2636 jur
1342 2541 1379 2616 in
1393 2540 1461 2632 ea,

304 2637 471 2716 nacitur.
521 2633 607 2735 Quo
629 2630 728 2707 sensu
743 2630 918 2721 habetur,
938 2631 1008 2727 Jes.
1030 2656 1137 2712 nuru:
1154 2642 1187 2715 8.
1214 2634 1306 2712 Tunc
1319 2652 1463 2735 emmpe·

306 2748 357 2807 ret
385 2750 540 2828 tunquam
563 2733 758 2803 anamulata
779 2744 860 2817 tua,
895 2728 941 2813 θ’
961 2729 1156 2827 instauratio
1179 2750 1240 2808 tua
1258 2742 1324 2811 cito
1346 2735 1464 2833 efflore-

297 2828 429 2929 fauet:
462 2826 505 2911 δ’
527 2831 590 2899 iret
610 2848 713 2901 coram
741 2824 793 2900 Te.
808 2820 937 2918 iustitia
959 2843 1031 2905 tua.
1068 2821 1137 2905 ‘Sic
1167 2833 1203 2908 ἀ
1229 2833 1323 2910 alibi.
1379 2834 1463 2911 Hoc
1501 2909 1504 2917 ,

238 2938 241 2943 “
308 2926 413 3001 sensu
438 2925 547 2998 verba
566 2922 836 2999 fundamentum
857 2926 1068 3016 continent,
1100 2929 1159 3003 cui
1180 2930 1331 3006 felicitas
1351 2930 1464 3007 modo

303 3022 478 3117 descripta
494 3021 677 3109 inuititur,
694 3036 735 3093 ut
747 3019 852 3095 facile
866 3024 1085 3124 intelligitur.
1112 3024 1282 3103 Ceterum
1296 3028 1359 3103 ubi
1372 3040 1465 3101 ater.

303 3144 385 3197 num
408 3118 502 3195 stare·
522 3121 598 3211 ejus
622 3115 792 3201 offellum
808 3118 977 3213 traditur,
995 3121 1062 3196 hac
1077 3124 1151 3199 vita
1164 3147 1240 3201 non
1254 3124 1463 3215 terminari,

303 3218 418 3295 sedin
438 3238 583 3293 omnem
599 3216 837 3293 eternitatem
852 3215 1000 3311 durare,
1016 3220 1124 3297 tacite
1142 3217 1345 3298 intinuatur.
1370 3220 1465 3321 Quae

307 3316 411 3393 latius
426 3337 502 3389 non
518 3313 702 3406 exsequor.

346 3419 391 3505 .§.
406 3409 494 3486 XV.'
511 3408 623 3512 Quod
644 3408 736 3504 Jet,
760 3412 937 3490 munnam
960 3412 1088 3490 aufltet
1107 3414 1280 3498 reducum
1297 3416 1342 3493 ab
1354 3416 1465 3496 exilio

309 3509 527 3605 Babylonico
550 3506 657 3583 status
678 3507 836 3585 durantis
858 3512 1078 3604 redditurus,
1110 3515 1147 3591 ot
1171 3514 1267 3588 viam
1287 3515 1332 3589 ad
1351 3514 1466 3613 pristi-

308 3630 393 3685 nam
420 3606 690 3701 prosperitatem
717 3628 758 3681 ac
778 3608 1012 3704 pleniffimam
1042 3609 1331 3689 instaurationem
1362 3636 1465 3693 mon-

309 3705 498 3791 straturus,
522 3702 703 3799 praedone,
729 3728 761 3779 c.
786 3724 894 3783 nvrru
921 3706 996 3803 Μ
1010 3733 1026 3783 e
1041 3708 1210 3783 medietati
1225 3708 1465 3810 alfiulerisju·

308 3802 1465 4002 spatiarer

311 4014 368 4079 tur
388 4006 425 4081 in
445 4001 588 4105 tenebris
608 3950 762 4097 lentae,
787 3998 832 4089 ἃ
853 4004 959 4104 cuiae
973 4005 1160 4085 tautum
1174 3954 1465 4181 mallert'lfillgd

1326 4122 1363 4196 Ῥ
1448 4150 1463 4199 a
