3984 5159
559 470 1617 597 m communranrus·

564 684 599 757 le
624 680 741 757 minus
762 678 956 767 videatur,
995 679 1071 772 ejus
1094 676 1426 766 nomenoblivioni
1445 670 1564 765 fuisset
1583 675 1721 751 traden-

567 781 673 867 dum,
694 778 814 851 sreunr
829 774 1010 862 austorem
1029 774 1200 848 habuisset
1212 774 1374 849 Psalmus.
1422 772 1490 845 Sed
1508 792 1575 843 nec
1593 794 1634 847 ea
1649 790 1724 849 tan·
1783 831 1795 849 .

453 936 457 943 .
563 879 593 952 ti
618 875 699 965 est,
737 895 819 951 cum
844 895 919 945 non
949 870 1063 946 desint
1091 872 1233 960 Psalmi,
1266 872 1372 945 titulo
1395 868 1454 942 seu
1476 868 1621 943 nomine
1651 868 1738 960 cius

566 988 745 1059 carentesa
772 972 830 1063 qui
854 968 967 1064 ipsum
990 984 1110 1043 tamen
1130 985 1292 1047 autorem
1313 969 1467 1055 habent;
1494 983 1534 1040 ut
1554 986 1600 1038 eu
1617 964 1723 1041 Com·

544 1137 546 1142 .
569 1069 748 1149 mentatio
764 1064 887 1140 nostro
903 1064 1051 1141 constat.

617 1173 650 1257 ς,
669 1165 729 1237 Xl.
763 1162 982 1252 Videamus,
1013 1184 1099 1237 nurn
1120 1164 1242 1237 verior
1262 1162 1393 1239 adferri
1416 1177 1521 1257 queat
1548 1160 1723 1257 hypothe-

572 1264 625 1340 sis.
676 1258 804 1349 Mislrs,
831 1260 890 1353 qui
913 1260 956 1334 de
980 1258 1105 1353 Judaeis
1126 1263 1164 1335 in
1184 1260 1290 1335 exilio
1311 1262 1531 1355 Babylonico
1546 1260 1726 1355 cogitant,

544 1423 548 1432 .
574 1357 657 1435 ciam
677 1359 815 1432 nullum
838 1356 914 1448 ejus
931 1358 1115 1433 criterium
1138 1373 1322 1447 occurrat,
1356 1359 1457 1452 plura
1481 1359 1515 1430 ei
1533 1358 1729 1445 contraria,

573 1456 663 1534 nihil
685 1455 779 1527 enim
802 1452 846 1527 de
870 1454 1051 1529 calumniis
1073 1452 1199 1547 Judaeis
1220 1471 1294 1529 tum
1316 1453 1493 1549 impastis,
1518 1454 1605 1529 nihil
1623 1453 1667 1524 de
1689 1453 1729 1525 iis
1757 1461 1759 1469 '

577 1571 745 1647 tanquam
767 1548 868 1625 causa
887 1550 1167 1646 persecutionis,
1200 1552 1285 1625 nihil
1307 1553 1351 1625 de
1374 1552 1470 1625 bello
1492 1566 1618 1626 contra
1637 1549 1728 1643 ipsos

508 1638 528 1661 ’“
579 1667 704 1738 mot0,
730 1670 836 1747 ergo,
862 1649 902 1722 iis
920 1646 1045 1736 millis,
1060 1648 1209 1722 aliorum
1222 1670 1318 1723 narnc
1337 1646 1415 1723 satis
1429 1664 1571 1742 recepta
1586 1648 1729 1741 opinio,

580 1771 648 1845 qua
672 1744 836 1820 Ecclesiae
857 1742 906 1817 N.
927 1744 974 1817 T.
994 1744 1066 1819 fata
1085 1745 1143 1818 hic
1157 1744 1262 1839 depin
1289 1746 1296 1760 '
1315 1744 1548 1836 existimatur,
1574 1744 1647 1819 sine
1664 1745 1736 1817 ani·

548 1843 820 1925 ,madverlione
849 1840 1071 1933 praetermitti
1095 1844 1229 1938 nequit.
1291 1844 1313 1916 l.
1336 1840 1527 1934 Coccejus,
1554 1842 1613 1938 qui
1638 1840 1733 1915 varia

580 1946 674 2018 illius
697 1937 859 2038 Ecclefiae
876 1935 969 2022 sata,
996 1939 1121 2029 quibus
1136 1940 1178 2012 ad
1194 1936 1447 2032 perfeaionem
1463 1938 1649 2025 tenderet,
1675 1937 1738 2013 sibi

581 2041 642 2114 hic
665 2038 714 2111 ob
737 2037 861 2109 oculos
883 2033 1008 2124 ponit,
1041 2033 1129 2106 vers.
1156 2056 1186 2107 1.
1213 2036 1257 2109 de
1280 2034 1433 2110 Ecclesia
1455 2058 1519 2128 per
1534 2034 1738 2133 sanguinem

582 2131 713 2205 Christi
743 2152 787 2202 eu
811 2126 973 2225 angustiis
996 2128 1030 2200 ἀ
1051 2132 1245 2223 terroribus
1271 2133 1356 2229 legis
1382 2131 1538 2207 redemta
1562 2134 1755 2229 interpre-¹

584 2244 701 2316 tatut;
727 2225 815 2301 vers.
841 2250 876 2316 2,
901 2248 936 2319 3,
960 2249 995 2318 4.
1045 2226 1180 2301 Gentes
1203 2230 1236 2303 &
1258 2229 1396 2321 Judaeos
1413 2251 1493 2305 eam
1507 2244 1671 2324 petentes
1686 2250 1741 2303 ca·

586 2325 728 2402 lumniis
750 2324 784 2397 dr
807 2320 1111 2420 persecutionibus
1143 2325 1292 2400 describi
1316 2326 1463 2416 censet,
1497 2328 1586 2402 vers.
1601 2350 1635 2419 5.
1665 2325 1757 2401 salli

586 2422 793 2510 Christiani,
812 2421 892 2495 alias
910 2420 1195 2511 Antichristiani,
1219 2423 1526 2518 representantur.
1577 2425 1743 2520 Denique

590 2520 680 2601 vers.
695 2524 732 2608 6,
746 2542 782 2616 7.
812 2520 856 2592 ad
870 2518 1083 2595 reformatos
1103 2520 1196 2613 pacis
1214 2519 1355 2609 osores,
1382 2520 1595 2616 &pacificos
1610 2544 1743 2595 vexan-

589 2634 667 2705 tes,
698 2616 880 2699 transfert.
943 2614 1078 2691 eunus
1100 2616 1196 2703 haec,
1228 2618 1326 2691 omni
1354 2620 1485 2713 quippe
1508 2618 1741 2693 fundamento

592 2716 778 2801 destituta,
816 2734 914 2804 aeque
942 2711 1046 2788 facile
1076 2715 1303 2805 rejiciuntur,
1336 2736 1377 2787 ac
1407 2714 1629 2805 statuuntur,
1666 2716 1744 2789 imo

465 2844 476 2863 ¹
593 2816 701 2906 longe
723 2806 872 2894 sestius,
904 2828 986 2882 curn
1007 2810 1073 2883 fint
1093 2811 1206 2899 valde,
1219 2827 1356 2887 remota
1373 2811 1407 2885 ἃ
1424 2812 1613 2909 longissime
1629 2810 1746 2906 quaest·

595 2910 653 3024 ta,
677 2925 745 3020 nec
771 2902 946 2998 phrasibus
969 2926 1142 3004 congrua:
1168 2908 1265 3004 quod
1290 2912 1417 3005 cuique
1441 2910 1547 2985 facile
1568 2911 1605 2985 in
1622 2910 1746 2985 oculos

594 3019 758 3195 maffia
777 3101 905 3194 Aptius
935 3102 1019 3190 alii,
1061 3120 1103 3181 ut
1123 3104 1270 3198 Tillius,
1311 3108 1355 3181 ad
1377 3103 1566 3182 Ecclesram
1588 3103 1747 3190 Christia-

598 3223 681 3279 nam
703 3200 738 3271 in
754 3197 956 3293 primordiis
972 3199 1155 3297 Euangelii
1173 3204 1266 3277 inter
1285 3202 1425 3296 Judaeos
1440 3204 1658 3292 versantem,
1684 3202 1752 3276 &a

598 3295 830 3376 molestiffima
857 3318 938 3371 cum
965 3297 1032 3371 illis
1061 3299 1324 3375 cohabitatione
1352 3300 1500 3395 separari
1521 3300 1750 3398 gestientem,

596 3397 782 3472 referunt:
816 3416 890 3469 non
921 3394 1012 3470 adeo
1033 3397 1144 3486 male,
1179 3419 1260 3473 curn
1281 3396 1393 3491 Judaei
1415 3396 1627 3473 Christianos
1646 3396 1753 3470 variis

486 3548 489 3553 .
534 3560 542 3572 ,
601 3495 805 3585 calumniis,
830 3491 1041 3583 mendaciis,
1075 3494 1263 3570 &artibus
1285 3497 1500 3588 petiverint,
1526 3516 1658 3587 eosque
1678 3510 1751 3566 tan·

601 3589 684 3677 dem
698 3590 885 3688 coegerint
901 3589 970 3666 huc
982 3592 1068 3665 illuc
1081 3594 1255 3691 divagari3
1285 3592 1412 3666 deinde
1416 3594 1578 3687 sermones
1594 3588 1755 3665 Christia-

577 3702 754 3773 norum,
770 3759 773 3765 ,
792 3683 899 3763 fidem
925 3687 1173 3780 profitentium
1199 3689 1233 3761 δι
1260 3690 1573 3780 adnunciantium,
1611 3690 1754 3782 Judaeos

605 3782 860 3872 incenderunt,
885 3783 918 3856 ἃ
940 3785 1023 3857 belli
1040 3784 1147 3858 causae
1162 3782 1307 3861 suerunt
1323 3810 1404 3861 cum
1420 3786 1639 3862 christianis.
1681 3784 1754 3859 De·

604 3880 712 3970 nique
734 3872 899 3989 &Judaei
916 3881 993 3954 telis
1012 3879 1224 3971 judiciorum
1241 3882 1457 3959 Divinorum
1474 3885 1552 3958 sunt
1567 3882 1753 3978 prostrati,

603 3972 843 4065 &Cluilium
861 3978 899 4057 iu
915 3978 1116 4064 ubertatem
1136 3976 1264 4060 asserti.
1313 3981 1382 4061 Sed
1395 3982 1482 4063 illud
1495 3982 1632 4075 obstat,
1657 3978 1756 4073 quod

607 4107 625 4133 ·-
1164 4104 1167 4111 ·
1703 4098 1759 4151 ea·
