3984 5159
556 520 1606 670 .„r,commrmrnn1msx

568 767 652 824 nem
674 741 898 838 disposuit&
921 737 1150 832 preparavit,
1183 737 1219 811 dr
1240 734 1464 830 populivota
1478 727 1718 810 intellexisset.

479 869 481 873 ’
561 836 651 923 ,Hoc
671 856 834 935 tempore
857 840 892 912 dc
913 856 1033 910 rerum
1055 831 1144 908 statu
1164 831 1285 906 David
1305 834 1404 908 letus
1423 829 1580 932 agnoscit
1594 829 1663 902 hoc
1677 829 1730 904 in.

568 941 709 1014 cantico
729 936 854 1032 populi
880 931 992 1007 studia
1022 929 1060 1004 in
1086 931 1389 1022 Hierosolymam,
1428 928 1462 1002 dr
1492 947 1534 1000 ee
1555 925 1657 1018 super
1676 942 1718 998 re

436 1023 441 1034 ’
567 1023 708 1111 summis
737 1054 815 1106 eam
835 1030 976 1109 extollit
997 1027 1179 1115 laudibus,
1205 1043 1363 1120 votaque
1377 1047 1444 1122 pro
1460 1023 1626 1100 diuturna
1641 1023 1718 1113 eius

504 1138 507 1149 '
566 1153 653 1227 pace
670 1131 703 1201 dr
723 1127 953 1222 prosperitate
969 1125 1139 1218 concipit.
1156 1119 1381 1220 Hierrfiriyrrra
1395 1123 1535 1216 itaque,
1553 1137 1719 1230 tanquam
1737 1135 1740 1141 ·

566 1231 608 1314 iis
623 1225 862 1320 prerogativis
873 1226 944 1314 jam
957 1224 1080 1309 beata,
1105 1223 1152 1295 ob
1168 1221 1290 1296 oculos
1303 1219 1451 1308 sistitur,
1477 1219 1557 1314 quia
1577 1235 1663 1290 mox
1677 1235 1720 1290 ns

418 1396 420 1401 .
566 1341 669 1414 certo
690 1323 819 1395 certius
833 1319 1022 1419 gauderet,
1048 1318 1082 1400 or
1097 1316 1221 1414 scopus
1236 1316 1381 1391 Davidis
1396 1313 1468 1403 est,
1495 1315 1667 1410 populum
1682 1313 1733 1386 in.

566 1439 614 1511 eo
629 1416 743 1492 studio
765 1439 847 1515 erga
861 1414 1147 1510 Hierosolymam
1162 1411 1392 1502 confirmare,
1417 1411 1526 1509 magis
1542 1411 1723 1508 magisque

569 1515 746 1606 excitare,
770 1531 812 1600 ut
827 1513 891 1590 suo
911 1529 1075 1606 tempore
1093 1513 1178 1588 illud
1192 1510 1311 1590 exarte
1327 1508 1504 1605 praestent.
1552 1506 1645 1602 Quae
1658 1507 1721 1598 hy-

570 1612 723 1706 pothesis
744 1625 785 1688 ut
798 1612 886 1688 nihil
900 1612 1041 1694 habete
1055 1609 1195 1685 Davide
1210 1610 1353 1700 ejusque
1368 1622 1530 1700 tempore
1543 1604 1720 1692 alienum,

568 1709 618 1784 fic
640 1709 771 1788 curuis
795 1707 975 1804 phrasibus
1003 1705 1144 1806 egregie
1173 1704 1382 1798 respondet:
1424 1699 1722 1796 quemadmodum

498 1809 511 1875 2'
565 1809 787 1903 (explicatio,
812 1827 918 1899 quam
930 1803 1195 1904 aggrediendo
1209 1803 1327 1880 lucem
1339 1799 1517 1896 proferet.
1584 1845 1586 1850 ·

641 1965 1717 2166 EisPlrIC„AT*IQ:

569 2344 574 2354 r
618 2274 762 2381 §.VllL
789 2284 906 2360 Prima
919 2283 978 2367 Psi
989 2308 1091 2384 pars,
1114 2288 1359 2381 quaelaetitiam
1375 2285 1521 2362 Davidis
1535 2291 1638 2386 super
1654 2287 1727 2371 siu·

475 2391 479 2398 '
520 2392 528 2402 '
571 2385 633 2462 dio
654 2385 798 2482 populi,
828 2383 950 2460 Deum
977 2383 1255 2477 Hierosolymis,
1282 2407 1364 2461 cum
1383 2385 1579 2481 Templum
1601 2388 1724 2463 condi·

571 2498 650 2575 tum
674 2481 787 2570 effer,
814 2482 1022 2576 quarendi,
1052 2479 1280 2570 testificatur,
1304 2483 1355 2556 ita
1373 2477 1495 2573 sonat,
1521 2482 1610 2558 vers.
1629 2505 1663 2576 1,
1686 2505 1723 2559 2.

570 2579 685 2673 Letor
700 2582 736 2654 de
753 2583 843 2668 illis,
868 2584 925 2674 qur·
943 2582 1025 2652 milri
1042 2581 1173 2659 dicunt:
1199 2575 1479 2678 domumJehovae
1492 2582 1629 2654 ibimus:
1649 2577 1721 2673 fixi

561 2675 750 2773 suntpeder
763 2672 863 2767 uestri
879 2681 1032 2771 inpertit
1053 2673 1153 2766 Tuis,
1178 2697 1195 2748 0
1215 2671 1459 2846 Hierffulymal
1485 2677 1519 2751 h.
1536 2697 1567 2751 e.
1588 2677 1721 2773 Magna

571 2794 630 2848 me
657 2768 813 2854 afficiunt
839 2772 980 2858 letitia,
1021 2794 1108 2864 quos
1136 2794 1232 2846 nunc
1253 2793 1299 2846 au
1323 2775 1360 2846 io
1382 2773 1652 2867 promittentes,
1684 2772 1721 2848 dt

571 2863 728 2954 disturos
741 2863 834 2938 haud
851 2864 911 2941 diu
925 2866 1004 2961 post
1016 2867 1218 2961 praevide0,
1242 2868 1278 2942 se
1294 2869 1439 2945 domum
1456 2868 1628 2963 Jehovae,
1642 2891 1721 2963 quat

571 2958 824 3052 Hierosolymis
851 2959 924 3053 est,
958 2965 1155 3059 petituros,
1186 2962 1334 3061 suosque
1361 2967 1467 3060 pedes
1497 2967 1547 3040 ibi
1567 2966 1720 3044 firmiter

572 3059 643 3134 else
671 3055 904 3145 constitutos,
928 3061 973 3132 ad
990 3059 1085 3134 sacra
1101 3061 1286 3151 obeunda,
1318 3063 1352 3134 dr
1369 3063 1499 3151 judicia
1519 3059 1717 3140 tractanda:

570 3178 723 3252 quorum
744 3155 862 3246 itaque
876 3157 986 3229 verba
1000 3153 1098 3244 sunt,
1125 3172 1320 3251 eruntque,-
1346 3155 1588 3256 Hierofhlpmas
1602 3165 1718 3236 ibimus

524 3283 531 3296 ·
570 3257 613 3328 ad
640 3251 806 3348 Templum
829 3249 988 3349 eroou:
1012 3252 1049 3326 in
1074 3258 1186 3347 porris
1205 3254 1273 3328 tuis
1291 3251 1431 3330 firmum
1448 3257 1649 3350 accepimus
1665 3259 1722 3333 loz

572 3372 673 3444 eum,
693 3351 818 3443 inquo
832 3349 951 3426 munla
962 3351 1152 3439 obeamus,
1173 3349 1206 3424 ἃ
1216 3350 1346 3442 judicia
1365 3371 1610 3442 exerceamus,
1632 3355 1716 3430 Hie-

569 3446 763 3540 rosolyma!
787 3445 877 3545 nge
891 3445 915 3519 sr
930 3448 1004 3523 aliis
1021 3449 1138 3522 verbis
1153 3448 1349 3542 exprimere
1365 3450 1453 3525 velis
1462 3449 1622 3540 ,dicenr3
1633 3453 1715 3526 Hie·

570 3543 781 3639 rosolymam
800 3567 867 3636 pro
885 3546 989 3620 unica
1011 3547 1188 3644 religionis
1210 3543 1309 3632 sede,
1334 3545 1368 3620 ἀ
1388 3569 1453 3640 pro
1475 3546 1642 3641 supremo
1655 3551 1718 3624 tri·

571 3640 712 3729 humili,
739 3641 976 3738 agnoscimus,
1001 3643 1131 3735 &ipso
1155 3639 1247 3716 satio
1266 3642 1601 3733 demonstrabimus,
1635 3649 1721 3724 cum'

571 3732 763 3904 {emplum
784 3737 893 3812 suerit
914 3735 1146 3827 exstruitum,
1170 3737 1225 3812 uti
1240 3759 1336 3814 nunc
1346 3741 1542 3835 judiciorum
1556 3741 1717 3837 respedlu

589 3851 732 3905 acnnus.

621 3931 653 4017 §.
670 3925 730 3998 lX.
756 3927 876 4022 Dauid
897 3929 967 4017 est,
991 3936 1053 4026 qui
1066 3932 1244 4026 loquitur,
1268 3947 1344 4012 tum
1358 3939 1438 4031 quia
1454 3937 1573 4012 audior
1586 3940 1714 4014 cantici

569 4023 648 4116 est,
674 4038 750 4150 turn
770 4026 866 4117 quod
882 4028 1032 4125 persona
1049 4029 1198 4120 ,illuditis
1220 4031 1280 4128 lit,
1298 4057 1378 4140 quae
1400 4035 1444 4112 ad
1462 4034 1724 4126 Hierosolyma,
1814 4071 1832 4122 ·,
1914 3977 1915 3984 ¹

653 4207 659 4218 .
840 4227 843 4232 Ι
1588 4153 1713 4230 pacem
