3984 5159
493 514 551 632 ᾖ
665 482 1495 590 conturbata-rus

344 738 357 757 s
509 700 607 777 eninr
627 692 742 786 abest,
767 708 829 796 tat„
855 690 952 788 quod
973 689 1195 784 interpretes
1214 646 1364 783 putant,
1383 682 1443 787 ptri
1461 694 1543 769 inde
1560 695 1670 773 rario-

506 802 593 874 nem
608 817 675 889 pro
690 790 884 866 dividendis
899 790 994 863 bisce
1009 788 1154 861 canticis
1169 804 1317 880 petunt,
1341 788 1468 863 diversi
1481 806 1670 889 argaman:

509 893 642 981 menti,
666 904 707 967 ut
720 888 859 984 prorsus
874 885 1032 978 ejusdem
1049 884 1127 959 bot.
1159 882 1330 960 Nostrum
1344 888 1468 981 utique
1482 892 1662 969 canticum

504 990 675 1065 lsraelem
700 988 738 1060 in
759 984 889 1059 eodem
905 982 1122 1057 liberationis
1141 980 1394 1075 Maccabaicae,
1419 1006 1498 1076 quae
1510 988 1667 1082 antiqua

509 1082 713 1162 liberationi
740 1081 972 1177 Aegyptiacae
997 1076 1213 1173 respondet,
1253 1076 1343 1155 statu
1365 1078 1515 1175 politum
1538 1104 1687 1177 reprae·.

421 1260 429 1279 ,
509 1184 646 1270 sentat3
673 1181 707 1252 ἃ
731 1178 860 1252 eodem
881 1176 1017 1266 tendit,
1043 1196 1115 1269 quo
1132 1174 1356 1269 praecedens,
1387 1189 1430 1251 ut
1448 1180 1585 1255 timoris
1607 1180 1665 1273 Je-

510 1282 620 1355 hovae
642 1297 705 1370 per
726 1278 850 1353 orbem
871 1274 964 1348 inter
987 1273 1126 1345 Gentes
1149 1274 1355 1372 propagatio
1374 1295 1459 1347 mox
1474 1272 1594 1351 futura
1607 1276 1665 1351 ad·
1804 1356 1811 1361 ,

511 1374 731 1463 nunciatur,
768 1372 926 1446 &lsrael
945 1367 989 1445 ad
1015 1367 1097 1445 Deo
1119 1364 1299 1444 fidendum
1321 1370 1360 1454 ἃ,
1381 1370 1665 1454 benedicendum
1775 1414 1791 1427 ,‚

516 1470 706 1546 excitetur.
756 1466 877 1542 Nexus
900 1468 1118 1543 canticorum
1144 1462 1268 1559 sponte
1293 1464 1352 1539 sua
1371 1465 1442 1541 sese
1461 1490 1602 1565 quoque
1618 1492 1666 1543 ex

516 1568 617 1643 dietis
647 1564 768 1639 offert.
833 1564 922 1640 Cum
949 1560 1163 1639 beneficium
1191 1563 1408 1637 liberationis
1433 1566 1664 1662 Aegyptiace
1757 1642 1762 1651 ,

513 1662 721 1739 celebrallet
743 1674 874 1756 poeta,
901 1660 1056 1753 illudque
1076 1678 1173 1732 nunc
1194 1657 1294 1733 fuiffe
1308 1658 1408 1735 limili
1421 1660 1597 1737 beneficio
1611 1682 1664 1735 re·

445 1794 452 1801 *
512 1757 743 1838 novatum&
771 1756 1021 1832 confirmatum
1046 1752 1254 1843 indicabam
1293 1769 1386 1830 terro
1408 1756 1469 1831 seu
1488 1760 1670 1835 Gentibus

511 1857 663 1951 imperat
679 1861 825 1929 timorem
839 1852 999 1947 Jehovae.
1032 1850 1186 1950 Quando
1200 1848 1322 1926 nostro
1337 1852 1389 1930 Ps.
1403 1852 1474 1928 sese
1489 1856 1531 1929 ad
1546 1854 1669 1933 Deum

506 1955 679 2051 ,precibus
700 1952 768 2025 suis
790 1953 923 2039 vertit,
952 1964 993 2023 ut
1015 1946 1115 2022 Deus
1135 1969 1213 2024 rem
1235 1948 1283 2021 ita
1296 1947 1441 2046 dirigar,
1464 1966 1506 2026 ut
1526 1953 1663 2028 nomini

515 2052 592 2143 ejus
613 2051 688 2122 laus
702 2049 797 2121 inter
814 2046 950 2119 Gentes
966 2045 1089 2134 detur,
1114 2064 1197 2119 cum
1210 2044 1420 2121 idololatria
1430 2049 1666 2125 abdicatione.

515 2146 603 2245 Quo
623 2142 739 2231 fatto,
761 2142 928 2217 lsraelem
948 2142 990 2213 ad
1013 2136 1177 2215 fiduciam
1201 2142 1238 2215 in
1255 2141 1338 2217 Deo
1349 2145 1592 2221 collocandam
1606 2148 1662 2220 ad·

510 2244 704 2341 (bortatur,
728 2238 761 2311 δι
782 2238 826 2311 de
846 2238 985 2335 reliquis
1006 2237 1110 2312 bonis
1132 2236 1325 2331 promiffis,
1349 2263 1445 2317 nunc
1458 2242 1681 2338 implendis,·

517 2340 712 2415 certiorem
725 2334 823 2413 facit.

494 2449 498 2456 ·
562 2440 594 2527 §.
612 2433 676 2507 Vl.
701 2430 934 2509 Occasionem
947 2432 1065 2527 itaque
1086 2430 1327 2525 Ps.‚aequeac
1342 2432 1550 2531 superioris,
1575 2456 1662 2531 prae·

512 2532 590 2609 buit
612 2532 691 2605 laeta
712 2543 914 2623 temporum
936 2532 1110 2618 mutatio,
1135 2552 1202 2623 qua
1217 2531 1366 2623 populus
1383 2548 1465 2607 ante
1481 2528 1667 2628 oppreffus

509 2651 608 2707 nunc
630 2626 779 2724 gloriose
800 2640 876 2700 erat
897 2625 1064 2702 liberatus
1085 2626 1121 2700 b
1143 2626 1363 2715 vindicatus,
1397 2627 1495 2704 simul
1508 2632 1546 2704 in
1562 2628 1659 2724 spem

368 2748 374 2756 ·
511 2724 758 2819 prosperrima
780 2720 1013 2811 conditionis,
1036 2723 1285 2799 liberationem
1298 2723 1493 2817 secutura,
1518 2726 1661 2815 dublus3

516 2840 595 2911 quae
623 2816 801 2911 religionis
822 2838 887 2911 per
902 2818 1027 2895 orbem
1040 2820 1356 2916 propagationem,
1380 2822 1662 2899 benedittionem
1770 2850 1781 2859 ·

516 2916 553 2989 u
573 2912 901 3005 multiplicationem
917 2912 1020 3009 supra
1033 2916 1174 3003 Patres,
1197 2920 1476 3010 comprehendit.
1526 2918 1587 2993 Est
1601 2922 1662 2995 ita·

517 3032 587 3109 que
607 3008 728 3088 noster
753 3009 804 3085 Ps.
827 3011 1051 3085 continuatio
1069 3008 1276 3103 superioris,
1301 3013 1458 3105 adeoque
1478 3018 1602 3092 eadem
1616 3040 1670 3090 oc·

515 3108 703 3203 cafione‚t
774 3103 994 3201 areliuscopo,
1010 3106 1234 3200 compositus.
1291 3106 1454 3203 Temporis
1468 3113 1665 3189 Maccabei.

515 3208 551 3281 ci
568 3204 710 3280 criteria
750 3200 887 3277 ese'hic
909 3202 1068 3294 pandunt
1085 3200 1279 3293 clarilsnna,
1304 3207 1414 3280 modo
1429 3208 1465 3282 in
1479 3204 1666 3306 argumenti
1781 3211 1786 3217 “

517 3302 749 3379 illustratione
769 3297 952 3395 prodobia.
1017 3298 1099 3375 Hoc
1124 3302 1219 3375 eninr
1239 3313 1422 3395 tempore,
1453 3306 1665 3382 1.Retiorcs

519 3398 650 3493 populi
663 3392 1010 3488 fuerunt'Poatifices
1018 3446 1030 3486 ,
1055 3399 1094 3474 bc
1114 3418 1158 3471 ex
1179 3398 1291 3472 domo
1306 3402 1468 3476 Aaronis.
1527 3426 1559 3479 2.
1584 3428 1671 3497 pro*

518 3492 620 3587 selyti
642 3497 776 3585 partem
804 3490 968 3567 Ecclesia
990 3495 1270 3584 constituerunt,
1305 3498 1367 3590 qui
1388 3502 1536 3574 timentes
1560 3500 1666 3594 Jeho·

519 3610 574 3661 uae
590 3592 771 3683 vocantur.
830 3614 864 3687 3.
884 3590 991 3664 lsrael
1012 3592 1162 3671 maxime
1181 3592 1367 3667 abhorruit
1387 3596 1432 3668 ab
1449 3598 1667 3673 Idololatria.

516 3708 552 3776 4.
568 3683 741 3758 Gentibus
761 3690 875 3763 omnis
894 3701 1084 3785 praetextus
1103 3686 1278 3787 Jehovam
1293 3688 1412 3766 Deum
1432 3691 1562 3768 israelis
1583 3714 1670 3769 con·

518 3778 707 3855 tumeliofe
731 3782 899 3858 iuuandi
923 3782 1111 3873 ademtae,
1144 3784 1179 3856 δι
1200 3783 1336 3859 occafio
1361 3809 1443 3863 eum
1466 3792 1669 3865 celebrandi

509 3880 622 3965 data,
648 3876 773 3973 religio
796 3900 936 3981 quoque
956 3880 1102 3973 Judaica
1123 3882 1217 3954 inter
1238 3884 1390 3974 populos
1419 3902 1610 3985 propagata
1633 3888 1671 3961 bc

515 3975 693 4054 celebrata
709 3972 774 4051 est.
817 3972 925 4075 Quod
941 3976 1008 4073 Jes.
1026 4000 1109 4059 παν.
1124 3976 1263 4080 &saepe
1278 3981 1360 4057 alibi
1375 3984 1467 4079 apud
1476 3985 1669 4082 Prophetas

1587 4100 1672 4178 ΡΜ·
