3984 5159
595 505 668 600 588
775 492 1600 583 COMMENTARIUS

311 718 317 732 «
472 699 474 702 ·
599 687 801 773 operatua,
832 688 885 768 et,
919 671 1102 772 velquod,
1137 675 1249 746 anima
1269 695 1340 748 mea
1354 677 1473 764 novit,
1502 671 1690 772 diligitque
1707 667 1777 742 eni·

598 771 732 946 ’‘smt
755 774 790 887 ¹¹³
886 768 1520 945 iiitmil'iilil‘iffidebdsi
1534 764 1776 939 paggstup

600 892 1048 1063 {mhoneejussxrgrerientiao
1074 893 1466 1062 &flagrante'adfettd,
1488 962 1616 1074 solitus
1635 884 1774 1036 fugam

603 1066 670 1140 tibi
691 1062 884 1151 confiteri,
916 1076 1023 1155 teque
1048 1065 1227 1138 celebrare
1249 1079 1397 1157 propter
1420 1062 1625 1136 mirabilem
1653 1059 1690 1132 dt
1707 1057 1786 1132 stu·-

602 1161 756 1258 pendam
778 1181 894 1234 meam
916 1156 1174 1253 separationem
1195 1158 1331 1236 amasia
1353 1183 1425 1232 cum
1446 1159 1574 1232 matris
1603 1158 1647 1232 in
1664 1169 1773 1231 utero

602 1259 700 1347 ejus,
734 1269 805 1328 tum
832 1257 1049 1349 reliquorum
1070 1258 1256 1358 hominum
1277 1279 1337 1352 per
1360 1253 1713 1342 sanstificationem,
1742 1254 1775 1327 dc

603 1351 874 1428 destinationem
895 1354 938 1427 ad
959 1353 1142 1448 servitium
1162 1370 1286 1443 tuum,
1318 1376 1386 1428 nec
1405 1375 1479 1428 non
1496 1368 1662 1446 propter
1679 1351 1773 1426 mira

604 1450 689 1525 bilia
710 1465 770 1524 tua
783 1474 892 1544 opera
909 1450 1043 1545 reliqua
1055 1453 1091 1524 in
1108 1469 1232 1527 natura
1248 1453 1282 1524 u
1297 1452 1406 1548 gratia
1420 1500 1432 1539 ,
1446 1471 1612 1542 qnorum
1628 1463 1694 1525 tot
1707 1447 1772 1542 spe

603 1547 734 1631 cimina
761 1548 796 1627 tc
819 1547 893 1643 ipse
914 1563 1080 1641 expertus
1102 1547 1187 1623 sum.
1236 1546 1338 1647 Qua,
1363 1550 1448 1622 licet
1471 1544 1615 1620 fusiore
1642 1547 1683 1622 d:
1697 1549 1774 1619 libe·

606 1644 725 1742 riorep,
751 1645 1043 1741 paraphraficum
1060 1665 1214 1735 nexum,
1239 1644 1406 1739 scopum,
1431 1643 1630 1720 &sensnm
1650 1645 1775 1716 verbo

608 1764 690 1818 rum
703 1742 948 1837 exposuerim3
974 1744 1084 1817 verba
1106 1743 1140 1816 dt
1162 1740 1300 1838 phrases
1315 1737 1514 1828 illustrasse,
1543 1741 1646 1816 &ad
1662 1742 1776 1816 datan

604 1840 826 1936 paraphrasrn
854 1838 1155 1926 adcommodasse,
1196 1838 1434 1920 suffecerint
1450 1838 1539 1910 Duo
1567 1839 1636 1914 hic
1671 1839 1720 1913 de
1744 1839 1774 1910 le

452 2001 468 2008 ..
605 1937 784 2026 declarat,
809 1941 972 2026 alterum,
1006 1937 1041 2011 se
1063 1936 1183 2011 Deum
1206 1935 1348 2013 solitum
1366 1934 1468 2009 fuisse
1492 1935 1644 2010 laudare
1672 1959 1775 2030 prop
1837 1957 1838 1968 ²

604 2050 662 2110 ter
684 2033 940 2127 separationem
961 2031 1058 2110 suam
1076 2054 1259 2114 coruscam
1277 2032 1556 2126 &stupendnm‚
1583 2033 1625 2106 δι
1639 2036 1775 2127 reliqna

606 2129 680 2202 Dei
701 2151 813 2221 opera
825 2131 1015 2220 mirabilia,
1040 2133 1201 2219 alterum,
1217 2128 1252 2203 se
1271 2133 1447 2206 exanimo
1462 2131 1558 2203 bene
1573 2129 1773 2220 instrusto,

609 2224 783 2306 &vivido
803 2248 931 2305 eorum
950 2226 1050 2304 sensu
1065 2224 1227 2318 adsedio,
1251 2225 1287 2300 id
1303 2226 1423 2302 fecisse
1438 2230 1474 2304 dt
1486 2225 1629 2302 facere.
1664 2225 1772 2306 Prius

607 2321 726 2418 itaque
754 2327 954 2402 membrum
981 2327 1144 2402 continet
1166 2328 1406 2400 celebrationem
1427 2321 1516 2414 Dei,
1547 2327 1594 2400 ab
1619 2325 1699 2421 ipso
1722 2317 1785 2398 sad

610 2419 724 2514 etam,
749 2423 784 2497 &
802 2422 1021 2510 faciendam,
1046 2421 1207 2519 posterius
1226 2443 1317 2498 vero
1334 2422 1412 2515 ejus
1421 2426 1628 2519 pmnripium
1644 2423 1681 2496 &
1696 2421 1773 2498 son·

609 2532 698 2598 tem.
749 2519 854 2597 Prius
875 2517 1115 2597 aibuofitatem
1138 2522 1214 2615 ejus
1234 2519 1529 2614 comprehendit,
1561 2519 1596 2593 u
1618 2521 1699 2614 ejus
1720 2543 1771 2595 ra·

545 2628 549 2635 ‘
606 2616 745 2693 tionem
765 2641 807 2694 ac
826 2636 1086 2717 argumentum.
1137 2607 1370 2713 Ailutplitatem
1384 2616 1479 2692 suam
1495 2617 1656 2693 declarat
1669 2618 1706 2692 in
1719 2639 1769 2692 eo

605 2713 705 2789 srtam
719 2713 810 2804 esse,
834 2715 934 2886 {md
950 2715 1070 2792 Deum
1085 2717 1240 2806 celebrem
1265 2717 1417 2806 docens,
1442 2717 1654 2804 laudatum,
1680 2715 1718 2788 ic
1732 2737 1769 2790 e.

607 2809 681 2883 feci
704 2810 809 2899 illud,
891 2812 1019 2892 faciam
1032 2812 1192 2909 semper,
1216 2813 1365 2890 seuhaec
1381 2833 1461 2888 mea
1476 2810 1528 2888 est
1543 2811 1645 2889 sucta
1658 2834 1766 2890 occu·

606 2905 738 3004 patio,
779 2928 884 3000 quum
911 2909 1012 2984 tenui
1035 2910 1247 3005 hucusque,
1285 2909 1321 2984 &
1349 2913 1484 2986 tenebo
1502 2912 1540 2986 in
1564 2909 1766 3006 posterum.

608 3004 726 3105 Quam
745 3003 922 3100 emphann
939 3004 1017 3094 hic,
1036 3020 1076 3090 ut
1092 3007 1180 3102 saepe
1199 3009 1299 3096 alias,
1323 3007 1431 3083 habet
1446 3008 1563 3084 forma
1577 3007 1670 3097 fot,
1690 3031 1769 3102 qun

606 3101 903 3203 consuetudinem
924 3103 1093 3196 denotat,
1125 3106 1217 3182 &se
1237 3105 1281 3180 ad
1302 3121 1400 3198 praet.
1425 3128 1467 3201 ac
1491 3105 1558 3181 fut.
1581 3107 1768 3183 extendit:

609 3225 680 3278 ceu
700 3204 739 3282 in
761 3203 888 3300 vulgus
912 3215 1039 3277 notum
1054 3199 1126 3276 est.
1180 3202 1373 3278 Rationem
1394 3202 1429 3276 dt
1448 3203 1632 3292 materiam
1646 3204 1767 3280 lauda·

570 3392 572 3395 ,
607 3301 716 3380 tionis
738 3316 913 3377 memorat
935 3299 1133 3394 duplicem,
1167 3298 1300 3374 scilicet
1309 3296 1552 3396 separationem
1574 3299 1627 3374 sui
1642 3323 1766 3376 corus·

608 3422 708 3488 cam,
732 3401 768 3476 dt
795 3399 962 3474 mirabilia
983 3393 1054 3472 Dei
1068 3410 1174 3492 opera.
1224 3393 1343 3471 Voces
1362 3397 1478 3488 enim,
1502 3401 1672 3472 mirabilia
1676 3396 1764 3493 sunt

608 3511 703 3591 opera
728 3513 808 3587 tua,
846 3516 928 3573 cum
950 3495 1232 3592 precedentibus
1254 3493 1456 3584 coherent,
1488 3495 1524 3569 dt
1545 3495 1763 3591 aparticulis

607 3599 684 3679 obp
695 3610 865 3689 propterea
885 3595 966 3690 quod
988 3615 1130 3689 quoque
1151 3593 1328 3687 pendent,
1352 3605 1393 3668 ut
1411 3589 1527 3667 sensus
1540 3593 1600 3668 stt:
1626 3595 1764 3670 laudale

609 3703 640 3779 te
659 3703 790 3783 propter
813 3693 893 3786 quod
916 3693 1113 3765 tremendum
1134 3695 1169 3762 in
1189 3691 1314 3764 modim
1332 3687 1485 3780 rescisus,
1510 3688 1570 3764 seu
1585 3688 1763 3784 separatos

609 3783 703 3870 som,
732 3783 767 3856 dt
781 3801 911 3881 propter
935 3788 1015 3883 quod
1028 3789 1192 3858 mirabilia
1198 3785 1281 3880 sunt
1295 3801 1389 3882 opera
1405 3801 1476 3864 tua.
1524 3785 1607 3888 Qua
1622 3788 1761 3862 ratione

606 3881 726 3958 oratio
748 3879 845 3958 reue
867 3883 967 3976 fluit,
1005 3882 1040 3957 dt
1060 3877 1175 3958 sensus
1195 3883 1256 3956 libi
1279 3899 1360 3979 apte
1384 3881 1530 3959 constat.
1588 3882 1759 3981 Intelligit

604 4000 695 4086 tero
715 3999 782 4077 per
796 3975 998 4080 ‘tutilonem
1013 3977 1109 4082 snam
1122 4002 1285 4058 coruscam
1297 3981 1332 4058 dt
1345 3983 1663 4082 tremendam,)10n
1676 3995 1753 4054 tan·

603 4137 609 4150 .
1208 4109 1210 4115 ’
1674 4091 1752 4154 tum
