3984 5159
388 613 392 620 ¹
494 541 997 681 rvrssrtm
1071 601 1241 690 cmm.
1352 607 1433 729 ,93

277 790 455 887 rosolyma
473 805 563 864 vera
592 808 679 883 pace
700 788 738 864 ἁ
764 784 997 883 prosperitate
1026 791 1204 890 gauderet.
1246 798 1315 874 Sed
1352 821 1384 879 1.
1398 805 1436 883 lle
1526 837 1530 855 ¹

255 895 351 969 lac
366 888 493 985 opinio
510 887 613 963 nullo
628 885 755 1000 nitittrr
777 884 1036 980 fundamento,
1069 893 1205 970 nullom
1227 895 1284 972 hic
1304 921 1428 975 occur-

276 993 334 1066 rit*
348 985 591 1082 apostolorum
614 1002 819 1072 entertum,
844 985 945 1058 nollo
968 1000 1067 1081 patet
1086 988 1237 1082 indicio,
1252 996 1430 1089 ‚personas

272 1090 466 1180 loquentes
494 1086 667 1157 calumnie
694 1082 785 1155 illios
806 1081 1020 1174 repellendae
1041 1105 1128 1184 ergo
1150 1089 1432 1188 Hierosolymam

272 1181 487 1260 celebrato¹
522 1202 555 1254 2.
578 1177 826 1270 Hierosolyma
848 1179 907 1253 hic
930 1181 1222 1276 representatur,
1247 1211 1321 1284 quo
1345 1207 1435 1269 tem·

272 1303 367 1377 pore
388 1277 512 1354 throni
532 1279 639 1351 domur
661 1276 814 1353 Daoldr'r
839 1277 878 1350 in
893 1298 936 1350 ee
948 1277 1142 1374 vigebant,
1164 1286 1258 1377 quod
1270 1289 1318 1360 -ab
1333 1289 1432 1382 Apo·

279 1379 456 1452 stolorum
491 1376 707 1469 temporibus
737 1374 918 1448 abhorret.
986 1397 1019 1468 3.
1054 1375 1212 1454 Personae
1241 1383 1427 1476 loquentes

275 1496 359 1550 mon
378 1487 451 1548 tam
470 1472 649 1565 explicant
667 1471 751 1566 quid
773 1473 958 1567 praeterito
979 1486 1164 1566 tempore,
1190 1477 1248 1550 sed
1264 1478 1334 1554 hoc
1352 1481 1429 1575 ipso

1284 1579 1430 1748 rm
1493 1630 1496 1638 ·

280 1762 380 1838 causa
408 1782 532 1859 pacem
563 1761 817 1856 Hierosolymo
848 1783 1005 1856 qoaerere
1040 1763 1076 1836 in
1104 1749 1330 1858 Apostolos,
1369 1697 1429 1863 tisri

279 1863 413 1936 cultum
442 1859 608 1934 ritualem
637 1881 719 1941 rum
744 1857 923 1954 spirituali
943 1861 1114 1942 volebant
1141 1879 1427 1958 commutatum,

273 1962 386 2036 minus
400 1971 484 2051 apte
500 1958 659 2050 quadrat.
780 1963 785 1970 ’
1396 1976 1398 1981 ’

81 2092 82 2119 ;
212 2127 215 2132 ,
320 2059 352 2145 §.
374 2054 439 2129 Vl.
478 2055 514 2128 A
531 2045 669 2128 Doride
692 2053 810 2146 itaque
824 2075 897 2133 non
912 2052 967 2129 est
983 2053 1252 2149 discedendum,
1277 2079 1345 2134 nec
1362 2059 1428 2135 dira

277 2149 447 2226 ceffilsent
460 2147 558 2224 sorte
568 2197 585 2239 ,·
597 2151 659 2224 nili
673 2153 905 2227 meoniorum
919 2153 1106 2244 hypothesi
1144 2155 1429 2231 ravesoffendis-

274 2247 354 2324 sent
373 2245 614 2336 difficultates,
653 2247 786 2347 quibus·
803 2269 846 2320 ea
869 2247 1068 2324 destruitur.
1120 2177 1306 2328 {leserunt
1328 2255 1428 2330 nimi·

272 2367 376 2432 rum,
397 2345 457 2436 qui
477 2342 521 2416 do
539 2343 657 2418 David
677 2344 1045 2437 interpretentur3·ad
1060 2341 1144 2419 illud
1161 2362 1326 2440 tempus,
1353 2375 1426 2444 quo

274 2439 350 2536 ipse
367 2463 478 2514 arcam
496 2440 642 2516 Domini
663 2442 838 2516 immonte
853 2439 993 2514 Tironis
1012 2443 1222 2531 collocavit3
1244 2465 1322 2535 -quo
1338 2462 1428 2518 tem·
1542 2534 1544 2538 Ι
1619 2425 1621 2431 “

242 2612 248 2620 ,
299 2559 363 2612 ore
389 2538 546 2612 laetitiam
568 2537 662 2612 suam
688 2536 888 2633 explicuisse
903 2530 1030 2611 volunt
1045 2538 1147 2632 super
1172 2537 1286 2612 studio
1302 2541 1425 2632 populi

270 2560 510 2731 fehovamibi
549 2634 955 2724 uaerentis,&colentis.
965 2634 1034 2707 Sed
1051 2635 1423 2728 vehementerobstat,

272 2733 372 2827 quod
391 2733 506 2807 cultus
586 2735 598 2805 i
620 2747 705 2806 tunc
727 2732 897 2824 temporis
919 2731 1079 2806 nondum
1100 2729 1190 2805 fixus
1211 2730 1322 2806 suerit
1339 2735 1432 2808 Hie·.

273 2829 481 2921 rosolymir,
506 2844 548 2902 ut
567 2849 612 2902 ex
636 2829 701 2902 hac
722 2830 892 2922 opinione
916 2826 1091 2922 sequitur,
1116 2831 1197 2924 quia
1222 2826 1424 2905 Talemaco

273 2930 346 2999 lum
354 2923 462 2998 Mofis
476 2947 557 3002 cum
571 2930 676 2998 altari
689 2927 944 3021 oeneo,aliisque
958 2923 1426 3016 instrumentis,adhucerat

273 3023 436 3109 cmm,
460 3023 577 3116 ibique
602 3019 768 3096 sacrificia
790 3021 916 3096 offerri
938 3023 1114 3112 solebant,
1147 3026 1242 3117 quod
1257 3025 1293 3099 in
1316 3025 1446 3099 initiit'

269 3119 470 3196 Salomonis
484 3119 598 3193 adhuc
612 3119 779 3195 obtinuit.
795 3119 876 3195 Vid.
896 3141 911 3192 1
927 3120 1062 3196 Cliton.
1077 3139 1150 3196 xvi:
1167 3143 1239 3215 37·-
1258 3120 1422 3195 2Chron.

273 3237 305 3293 1:
340 3239 429 3290 2--.
478 3217 606 3302 Domus
633 3217 702 3290 Dei
730 3216 893 3292 nonfuit
913 3219 950 3293 in
970 3219 1122 3312 emphasi
1146 3217 1422 3308 Hierosolymis,

269 3313 334 3390 nist
349 3314 573 3409 posteaquam
595 3313 761 3409 Templum
778 3315 828 3388 ibi
841 3311 1051 3392 edificatum
1066 3315 1116 3387 est
1131 3337 1149 3387 a
1162 3317 1366 3389 Salomone.
1464 3313 1471 3332 '

320 3415 354 3501 §.
371 3411 449 3484 Vll.
482 3413 578 3484 Meae
589 3411 706 3504 itaque
722 3413 766 3485 de
781 3413 851 3484 hoc
865 3414 1005 3486 cantico
1021 3413 1254 3508 cogitationes
1270 3410 1421 3500 habent,

270 3507 363 3580 illud
384 3507 455 3579 else
476 3507 732 3602 compositum,
767 3507 1011 3602 posteaquam,
1036 3529 1115 3580 arca
1137 3505 1420 3597 Hierosolymam

270 3604 459 3691 translata,
485 3602 583 3676 Deus
602 3627 667 3696 per
689 3605 896 3698 prophetam
917 3601 1139 3692 declarasset,
1165 3601 1422 3697 Hierosolymae
1504 3605 1506 3608 ’

268 3699 466 3798 Templum
489 3700 580 3774 haud
601 3701 662 3776 diu
681 3700 759 3796 post
775 3699 993 3776 asalomone
1007 3697 1076 3772 olle
1089 3697 1358 3791 exstruendum,
1385 3702 1421 3778 δε

261 3796 389 3873 'sedem
412 3798 590 3893 religionis
613 3799 662 3871 ibi
684 3795 876 3896 figendam3
902 3798 1098 3893 &populus
1114 3812 1293 3892 promtum
1308 3799 1420 3872 decla-

270 3895 374 3969 rasset
387 3895 562 3977 animum,
579 3894 697 3969 Deum
712 3898 809 3972 nullo
823 3897 892 3971 alio
909 3897 992 3970 loco
1009 3917 1050 3969 ac
1064 3895 1315 3989 Hierosolymis
1331 3918 1424 3988 quae·

218 4030 220 4033 ·
269 3991 392 4078 rendi,
409 3992 490 4081 vel,
504 4006 545 4066 ut
559 3989 661 4086 supra
672 3993 978 4094 insinuari,quum
992 3994 1038 4065 de
1054 3993 1138 4067 loco
1151 3993 1313 4086 Templi,
1336 3994 1420 4067 Hie·

271 4089 459 4184 rololymis
478 4110 565 4166 mox
583 4089 797 4186 edificandi,
824 4091 959 4169 certior
972 4088 1084 4170 taetus
1098 4093 1216 4172 omnia
1232 4113 1314 4168 eum
1329 4091 1365 4161 in
1382 4085 1424 4156 fi·

998 4219 1001 4224 ,
1337 4201 1421 4258 nem
