3984 5159
582 529 684 620 ⁸⁶0,
803 485 1611 586 commentarius

617 714 709 774 renes
731 687 812 764 suos
827 681 1015 783 poffidente,
1040 682 1095 755 uti
1120 678 1210 754 vers.
1237 698 1251 750 r
1258 701 1290 774 3.
1330 677 1477 756 dixerat.
1523 679 1578 754 Ex
1602 701 1686 774 quo
1702 701 1791 773 prm

618 809 744 879 terea,
770 785 868 880 quod
892 785 930 856 in
950 782 1021 854 boc
1043 779 1094 853 Ps.
1110 775 1284 866 intendit,
1310 779 1420 871 pietas
1436 780 1472 878 dt
1487 779 1603 853 virtus
1617 781 1701 872 ejus
1714 777 1790 852 eui·

695 888 788 962 ebat.

489 1006 492 1013 ’
618 891 701 1079 τάδε.
720 991 880 1066 xxxlv.
930 1007 965 1052 a.
991 972 1123 1078 Quinta
1153 973 1243 1048 ratio
1261 970 1518 1066 iustificationis
1542 975 1621 1066 ejus
1643 975 1688 1048 in
1710 995 1789 1050 exe·

617 1087 714 1162 mine
738 1083 771 1154 dc
792 1075 927 1171 Judicio
942 1075 1036 1162 Dei,
1062 1070 1218 1146 desumta
1243 1069 1294 1142 est
1318 1073 1361 1146 ab
1383 1071 1468 1144 odio
1491 1093 1512 1144 e
1557 1075 1788 1165 aimproboe

620 1185 656 1257 dc
673 1177 789 1253 hostes
805 1174 897 1258 Dci3
912 1193 957 1245 ex
977 1193 1049 1265 quo
1066 1169 1265 1256 concludit,
1277 1166 1312 1240 se
1326 1169 1363 1240 in
1375 1169 1513 1260 judicio
1564 1171 1601 1242 ei
1616 1192 1710 1244 cum
1725 1172 1788 1247 illis

619 1299 693 1353 non
713 1272 784 1347 elle
805 1268 1042 1342 damnandum
1064 1267 1267 1342 &emedio
1283 1266 1503 1356 tollendum,
1529 1265 1625 1340 vers.
1653 1289 1788 1360 ¹942·

619 1373 728 1464 Cujus
742 1370 940 1465 pericopa,
969 1365 1004 1439 &
1025 1363 1230 1438 eonomine
1247 1365 1464 1438 accuratiore
1480 1362 1707 1440 crustatione
1722 1368 1789 1468 dig·

619 1493 706 1556 nae,
751 1464 849 1562 quod
877 1459 1038 1558 pellimus
1070 1458 1171 1556 poliat
1195 1462 1270 1551 ejus
1293 1457 1362 1532 elle
1384 1460 1528 1549 abuius,
1561 1493 1599 1536 a.
1625 1461 1788 1556 sensum,

621 1572 658 1657 β.
680 1587 806 1640 verum
821 1559 1048 1655 conspectum
1067 1559 1101 1630 dc
1118 1559 1264 1652 scopum
1279 1557 1439 1650 pandam.
1467 1581 1500 1632 a.
1515 1558 1610 1634 Duae
1627 1559 1717 1636 sunt
1731 1586 1789 1659 pe·

620 1665 752 1758 ricopae
779 1678 919 1756 partes,
944 1677 1091 1749 quarum
1112 1655 1149 1728 in
1173 1660 1277 1728 altera
1292 1655 1539 1748 improborum
1559 1657 1788 1737 characteres

541 1828 546 1837 ,
621 1761 741 1850 ducit,
766 1757 1013 1851 dijudicium,
1038 1753 1081 1825 iis
1101 1750 1349 1850 infligendum,
1369 1751 1431 1826 sibi
1456 1775 1531 1828 non
1555 1753 1632 1828 effe
1650 1779 1787 1835 noxam

619 1859 818 1934 adlaturum
843 1852 1026 1938 declarat,
1058 1851 1148 1924 vers.
1178 1871 1233 1942 19,
1257 1871 1314 1922 20.
1345 1851 1383 1924 in
1398 1853 1504 1924 utrm
1516 1853 1708 1930 rationem
1727 1855 1789 1932 sue
1855 1899 1856 1906 κ

618 1953 838 2031 liberationis
861 1952 905 2025 ab
930 1948 1000 2020 boc
1020 1947 1155 2038 judicio
1170 1947 1301 2040 repetit
1315 1949 1359 2022 ab
1377 1947 1463 2021 odio
1476 1947 1541 2022 suo
1554 1970 1644 2048 erga
1658 1956 1791 2048 impro·
1855 1961 1856 1994 i

620 2053 706 2143 bos,
731 2049 823 2122 vers.
848 2069 907 2137 21,
931 2067 991 2120 22.
1040 2043 1081 2118 ln
1104 2048 1356 2138 prioreparte,
1391 2067 1423 2118 a.
1445 2048 1608 2121 occurrit
1628 2050 1788 2144 propob

618 2150 696 2236 tio,
722 2144 812 2218 vers.
837 2164 893 2236 19.
930 2144 960 2212 b.
984 2143 1060 2234 ejus
1085 2137 1270 2228 dedudiio,
1297 2140 1385 2214 vers.
1413 2163 1470 2214 ao.
1519 2167 1552 2217 a.
1576 2144 1788 2241 Propolitio

618 2244 669 2317 ita
688 2242 808 2332 sonat,
834 2227 924 2315 vers.
941 2257 996 2330 19.
1021 2235 1155 2340 Quodfi
1168 2239 1339 2325 occideris,
1365 2237 1483 2312 Deus!
1506 2243 1710 2338 improbum,
1734 2243 1781 2327 δ’

619 2347 712 2416 viros
724 2339 951 2438 unguinum,-
977 2338 1153 2408 recidiua
1176 2357 1236 2408 me.
1259 2333 1296 2408 b.
1311 2355 1344 2408 e.
1395 2333 1534 2428 Posrt0,
1560 2353 1597 2412 te
1623 2342 1785 2418 violenta

617 2441 715 2516 caede
739 2461 760 2512 e
782 2437 903 2514 medio
924 2433 1081 2519 tollere,
1114 2430 1209 2524 quod
1235 2431 1356 2524 utique
1383 2431 1513 2524 facies,
1551 2435 1787 2531 improbum,

619 2534 916 2632 &cupiditatibus
935 2528 1055 2625 pravis
1069 2532 1263 2623 agitatum,
1289 2550 1446 2606 necnon
1462 2533 1558 2609 viros
1573 2535 1685 2610 caedis
1702 2561 1787 2614 reos

591 2646 597 2653 '
617 2636 761 2728 ejusque
776 2635 1004 2727 adpetentes,
1015 2647 1139 2723 magna
1155 2645 1237 2700 cum
1251 2621 1399 2716 fiducia,
1411 2651 1484 2720 quo
1502 2645 1671 2726 tempore
1690 2635 1784 2708 istud

619 2732 802 2817 exercebis
813 2728 1005 2822 judicium,
1038 2723 1081 2798 iis
1100 2722 1217 2795 dicere
1239 2722 1398 2816 polium,
1422 2726 1632 2821 dicamque,
1657 2753 1784 2808 ameo

619 2826 801 2902 consortio
821 2824 1019 2918 discedite,
1060 2819 1147 2894 nibil
1169 2818 1253 2894 mibi
1277 2822 1466 2906 vobiscum,
1489 2824 1539 2898 est
1561 2849 1783 2921 commune,

618 2945 687 2998 vos
708 2920 867 3009 seorim,
893 2942 952 3003 ane
966 2918 1084 3004 salvo,
1107 2917 1244 3009 judicio
1258 2917 1327 2988 Dei
1341 2919 1586 2997 involvamini.
1643 2925 1783 3022 Loqui·

618 3033 678 3100 tur
709 3041 739 3096 1.
754 3019 797 3094 de
814 3015 950 3110 iudicio
971 3014 1096 3090 mortis
1119 3015 1156 3087 in
1169 3014 1371 3107 improbum
1389 3015 1531 3092 &viros
1545 3019 1784 3119 sanguinum,

538 3142 549 3174 ‘
619 3144 693 3216 quo
715 3119 764 3194 illi
781 3114 887 3206 morti
909 3111 1058 3186 dantur:
1084 3115 1154 3184 uiri
1176 3116 1260 3186 enim
1276 3111 1503 3208 sanguinum,
1535 3139 1600 3210 per
1623 3125 1786 3213 particu-

618 3212 971 3310 lamconjuncliuann
991 3206 1055 3299 ἃ,
1079 3205 1263 3282 manifeste
1280 3233 1363 3300 cum
1378 3213 1543 3304 improbo
1555 3219 1782 3296 conuectum

619 3331 699 3408 ψη
724 3338 744 3407 a
768 3335 843 3410 quo
856 3333 938 3404 ¹nou
957 3306 1039 3402 sunt
1061 3303 1286 3409 divellendi,
1305 3307 1357 3382 uti
1373 3305 1555 3402 pallimfit.
1605 3311 1784 3412 Improba:

616 3411 764 3507 yeaest,
778 3409 850 3508 ·'qui
874 3405 978 3483 variis
997 3402 1246 3500 cupiditatibus
1268 3406 1382 3497 pravis
1397 3407 1567 3502 agitatur,
1595 3409 1695 3498 simul
1716 3417 1782 3491 im.⁸

620 3528 797 3605 portunus
822 3506 901 3598 est,
936 3504 996 3600 qui
1018 3504 1211 3601 exagitatur
1235 3502 1306 3595 ipse
1328 3503 1363 3576 δι
1387 3506 1540 3601 exagitat
1562 3507 1671 3584 alios:
1698 3535 1782 3604 pro·

618 3607 749 3699 pristas
768 3606 864 3680 enim
886 3600 957 3688 est,
981 3600 1035 3674 uti
1057 3597 1213 3685 constat,
1238 3600 1275 3671 in
1298 3599 1493 3691 irrequieto
1514 3621 1639 3694 motu,
1665 3609 1700 3680 dc
1716 3631 1781 3684 ex·

619 3701 825 3794 agitatione.
881 3693 956 3772 Viri
966 3693 1173 3792 sanguinum
1194 3693 1294 3782 sunt,
1321 3699 1380 3788 qui
1404 3697 1603 3796 sanguinem
1623 3705 1779 3783 aliorum

621 3795 763 3874 sitiunt,
791 3797 827 3870 dt·
849 3817 932 3868 eum
954 3793 1146 3866 effundunt
1165 3814 1232 3883 pro
1256 3793 1421 3884 libidine;
1454 3798 1712 3894 linguinolenti
1741 3805 1779 3880 dt
1856 3807 1857 3812 ’

621 3889 820 3968 homicida.
846 3882 978 3990 'Quod
996 3911 1072 3964 non
1092 3887 1143 3962 est
1159 3885 1308 3962 difficile.
1358 3890 1516 3967 Nomina
1530 3894 1602 3993 sing
1630 3900 1665 3974 δι
1681 3899 1772 3991 plur.

618 3987 759 4078 numeri
774 3987 1060 4108 coniunguntur,
1087 4001 1127 4063 ut
1147 3987 1192 4064 de
1215 3988 1379 4065 omnibus
1393 3991 1428 4066 &
1444 3989 1582 4090 singulis
1598 3998 1770 4092 cogitare>

1680 4113 1770 4172 mu&
