3984 5159
519 575 567 659 sn
683 517 1627 678 commentantes·

524 759 642 846 cedit,
682 757 752 829 hoc
779 754 925 827 nomine
954 764 1063 823 notos
1088 744 1190 820 fuiss'e
1212 746 1249 820 in
1269 745 1396 820 lsraele
1419 745 1612 845 conversos
1633 769 1681 827 ex

527 855 746 940 Gentilibus,
772 851 849 942 qui,
876 844 1102 940 idololatrico
1125 844 1224 917 cultu
1246 844 1427 934 abdicato,
1452 845 1562 920 solum
1580 843 1681 944 Jahn·

528 977 604 1034 pam
630 973 695 1044 pro
712 951 848 1020 summo
863 945 1043 1032 Numine,
1068 941 1101 1013 sit
1121 938 1261 1031 objeuo
1275 930 1490 1015 adorationis
1508 942 1543 1015 ἂ
1562 947 1679 1017 cultus

525 1049 730 1132 habebant,
771 1045 856 1115 licet
888 1043 969 1113 alias
989 1038 1143 1132 judaicae
1167 1036 1331 1109 Ecclestae
1352 1061 1427 1112 non
1448 1043 1679 1133 incorporati

527 1144 660 1242 Quales
685 1143 755 1214 alio
777 1137 924 1212 nomine
938 1136 1100 1229 adpellati
1116 1132 1194 1206 sunt
1208 1131 1383 1236 Proselyti.
1432 1134 1566 1208 Eorum
1588 1159 1679 1211 vero

476 1239 478 1249 ’
526 1239 630 1314 soille
645 1241 717 1310 hoc
731 1237 912 1330 proprium
927 1233 1135 1326 epitheton,
1150 1253 1195 1305 ex
1210 1229 1351 1303 historia
1360 1231 1563 1325 Apostolica
1571 1235 1680 1308 dubio

528 1353 639 1410 caret.
689 1336 745 1408 Sic
771 1327 955 1406 Cornelius
980 1337 1059 1425 pius
1079 1341 1249 1417 vocatur,
1274 1328 1308 1400 ἃ
1329 1333 1444 1402 timens
1465 1329 1575 1402 Deum
1602 1329 1681 1406 Ast,

428 1425 430 1430 ’
527 1453 564 1507 x:
593 1455 623 1505 1.
647 1453 714 1504 nec
734 1453 808 1504 non
830 1429 941 1522 Lydia
961 1449 991 1501 c.
1014 1445 1090 1500 xro:
1119 1447 1173 1516 14.
1196 1431 1345 1498 timentes
1367 1449 1507 1522 quoque
1528 1428 1679 1502 Douma

484 1527 486 1532 ’
531 1534 620 1601 viris
634 1527 799 1602 Israelitis
823 1525 1101 1622 distinguuntur,
1133 1545 1165 1596 c.
1182 1543 1263 1596 xus:
1284 1527 1336 1596 16.
1355 1526 1414 1616 qui
1432 1525 1682 1613 timenre5,‚vel

509 1623 672 1720 ‘religiofi
692 1624 805 1698 Graeci
828 1623 1066 1715 adpellantur,
1093 1642 1124 1692 c.
1143 1640 1233 1692 xvu:
1253 1641 1290 1708 4,
1310 1641 1364 1713 17·
1412 1619 1468 1693 Eo
1484 1634 1603 1694 autem
1618 1642 1682 1710 not

526 1724 622 1796 mine
641 1723 810 1806 veniunt,
835 1719 950 1814 quod,
976 1719 1061 1790 licet
1081 1717 1242 1790 Gentiles
1263 1716 1419 1814 origine,
1437 1717 1558 1792 Deum
1573 1719 1681 1790 lsrae.

525 1819 567 1893 lis
597 1820 700 1891 unice
729 1819 913 1902 colerent,
953 1815 1024 1888 sola
1046 1812 1211 1886 Numinis
1236 1817 1310 1904 ejus
1335 1816 1536 1888 reverentia
1556 1813 1676 1889 duni:

524 1938 632 2008 quare
654 1938 728 1988 non
749 1913 949 2007 srmpliciter
973 1910 1072 2012 Dei,
1087 1909 1146 1982 sed
1169 1906 1306 2008 Jehroae
1323 1912 1489 1985 timentes
1504 1909 1679 2004 adpellan-

526 2029 594 2085 tur.
646 2015 692 2086 Hi
714 2033 796 2084 cum
822 2011 1011 2101 idololatria
1033 2009 1347 2094 renunciaverunt3
1381 2009 1606 2081 merebantur
1620 2008 1678 2082 hie

526 2110 563 2180 in
587 2109 702 2201 specie
723 2107 934 2190 memorari,
961 2105 1041 2191 ubi,
1066 2104 1241 2193 idolorum
1256 2104 1354 2177 cultu
1368 2103 1404 2176 &
1418 2104 1612 2180 cultoribus
1624 2126 1679 2178 te·

524 2205 676 2288 sutatis,
695 2202 820 2297 fidutia
833 2201 978 2294 Jehovae
990 2205 1184 2294 imperatur
1197 2203 1272 2290 ejus
1286 2203 1493 2276 cultoribus.

580 2305 611 2389 §.
630 2299 754 2373 XXIII.
788 2299 1008 2373 Exhortatur
1036 2319 1162 2371 omnes
1183 2295 1266 2370 istos
1286 2299 1428 2372 ordines
1454 2314 1561 2392 poeta
1581 2300 1625 2373 ad

527 2400 654 2472 daciam
683 2398 720 2472 in
740 2395 879 2490 Jehova
902 2395 1167 2484 collocandam
1201 2394 1336 2468 timoris
1360 2395 1506 2488 Jehovae
1527 2418 1616 2471 nece
1643 2421 1677 2471 a·

481 2563 484 2570 .
524 2497 617 2569 rium
638 2492 857 2586 adjunslum,
891 2494 949 2564 vel
972 2490 1201 2586 consequens.
1265 2491 1366 2565 Licet
1386 2494 1481 2568 enim
1499 2492 1676 2589 proselyti,

525 2613 571 2666 eo
592 2593 695 2666 titulo
712 2608 850 2666 tantum
871 2589 1121 2687 insrgniantur,
1145 2594 1289 2660 timorem
1302 2588 1446 2682 Jehovae
1459 2591 1501 2663 iis
1514 2615 1590 2665 non
1605 2590 1676 2664 else

525 2691 727 2784 proprium,
752 2686 812 2760 sed
834 2689 999 2762 omnibus
1013 2686 1154 2776 adesse,
1177 2684 1469 2778 proesupponitur.
1520 2689 1576 2760 De
1592 2680 1676 2762 l’ro·

525 2785 645 2873 selytis
667 2801 804 2858 tantum
826 2783 982 2876 expresse
1004 2784 1152 2872 dicitur,
1178 2787 1259 2876 quia
1279 2782 1325 2855 de
1352 2785 1492 2875 reliquis
1508 2786 1543 2857 id
1559 2785 1675 2878 perse

447 2919 450 2924 ·
525 2877 756 2970 sequebatur,
789 2902 871 2954 cum
900 2877 1033 2978 Jehova
1061 2879 1148 2952 esset
1175 2877 1309 2953 Israelis
1347 2879 1381 2952 δι
1414 2883 1673 2958 Aaronidarum

528 2975 623 3048 Drus
632 3003 646 3064 ‚·
672 2997 777 3068 quem
799 2999 880 3050 cum
896 2977 1065 3070 proselyti
1079 2976 1315 3070 adoptallent,
1339 2977 1423 3051 hinc
1436 2978 1469 3050 u
1483 2977 1545 3071 ipsi
1559 2985 1674 3052 timen-

523 3089 572 3146 tes
595 3071 732 3171 Jelrooae
757 3074 904 3146 fuerunt
926 3073 1019 3147 dissi.
1069 3073 1289 3166 Praerequirit
1306 3070 1453 3166 fiducia,
1485 3097 1567 3148 cum
1581 3076 1675 3172 agni·

526 3173 664 3245 tionem
689 3171 778 3256 Dei,
805 3167 965 3244 &fidem
986 3172 1025 3244 in
1039 3193 1141 3259 eum,
1167 3187 1333 3263 tanquam
1349 3173 1407 3264 qui
1422 3171 1523 3264 posltt
1538 3174 1674 3247 &velit

522 3267 641 3343 nostra
672 3267 837 3340 desideria
859 3269 893 3340 &
913 3267 1068 3341 detectus
1097 3269 1267 3361 implere,
1300 3282 1375 3341 tum
1394 3267 1570 3341 adfectum
1591 3291 1674 3366 erga

523 3365 659 3458 Ipsum,
687 3389 757 3458 quo
784 3365 859 3460 quis
889 3367 925 3438 in
946 3367 1020 3456 ejus
1042 3366 1355 3451 communionem,
1387 3382 1552 3459 tanquam
1584 3363 1696 3442 lum·l

521 3485 620 3534 mum
638 3463 796 3551 bonum,
812 3461 926 3535 fertur
942 3461 1043 3556 supra
1058 3463 1198 3548 omnia,
1223 3459 1256 3533 &
1271 3461 1315 3532 ad
1328 3459 1431 3554 ipsius
1449 3463 1672 3539 voluntatem

519 3561 556 3630 in
579 3563 738 3632 omnibns
769 3558 993 3653 praestandam
1016 3581 1149 3652 pronus
1171 3557 1222 3630 est
1238 3558 1435 3652 &paratus
1485 3557 1560 3650 lpla
1581 3583 1670 3633 vcro

515 3649 644 3746 fiducia
659 3653 734 3742 est,
753 3679 892 3748 quares
908 3678 1001 3729 meas
1018 3658 1101 3729 Deo
1120 3657 1308 3728 committo
1322 3656 1510 3743 curandas,
1537 3659 1671 3731 medio·

521 3772 623 3836 runs,
651 3771 723 3845 quae
737 3755 906 3842 adhibeo,
934 3755 965 3826 δι
984 3755 1167 3838 laborum,
1188 3749 1377 3825 successum
1397 3757 1440 3826 ab
1459 3752 1552 3845 ipso,
1579 3758 1669 3845 ejus·

520 3869 591 3940 que
615 3845 738 3915 favore
753 3850 784 3929 ἃ
798 3849 1068 3937 benedittione,
1085 3851 1192 3921 unice
1210 3845 1392 3940 exspeblo,
1419 3850 1667 3942 promissorum

522 3943 824 4035 complementum
839 3948 923 4018 mihi
937 3946 1009 4019 sme
1025 3944 1252 4018 resonatione
1267 3946 1310 4016 ab
1324 3945 1400 4036 ipso
1414 3949 1617 4038 promittop
1628 3950 1667 4021 in

519 4039 682 4132 periculis
704 4040 735 4112 δι
757 4040 1010 4119 discriminibus
1034 4066 1092 4122 me
1113 4043 1151 4118 in
1171 4043 1246 4138 ipso
1262 4045 1481 4133 corroboro,
1506 4046 1611 4140 &spe
1628 4047 1667 4115 li.

1605 4143 1666 4215 be.
