3984 5159
584 635 656 714 m
758 593 1574 686 COMMENTARIUS

590 793 795 890 sepofitam,
819 789 882 866 sed
901 787 1041 865 lestoris
1059 787 1195 881 iudicio
1217 785 1371 862 relidam
1396 789 1530 878 velim,
1555 809 1644 864 cum
1661 789 1752 884 quod

591 895 754 968 vanitatis
791 891 945 966 hominis
975 885 1130 982 expressa
1155 888 1449 962 commemoratio
1473 885 1569 961 vers.
1598 910 1633 980 3.
1671 899 1747 979 apte

592 989 632 1066 in
659 989 857 1074 Davidem,
889 1009 910 1059 e
939 982 1044 1061 firmo
1066 982 1217 1057 &felici
1240 981 1303 1058 suo
1326 981 1415 1057 statu
1435 985 1672 1058 deturbatum
1692 1003 1752 1076 per

594 1088 785 1163 factionem
803 1083 988 1158 Absolomi
1005 1082 1172 1174 quadret,
1198 1097 1274 1156 tum
1289 1079 1384 1175 quod
1399 1083 1551 1174 poetica
1565 1080 1758 1176 adparitio·

594 1186 650 1261 nis
677 1185 749 1258 Dei
769 1181 895 1273 judicis
916 1177 1071 1270 patara,
1111 1177 1198 1252 ficut
1220 1194 1382 1272 tempore
1403 1179 1526 1268 Sauli,
1571 1178 1627 1251 Ps.
1652 1197 1761 1254 xvru.

506 1363 509 1368 ,
595 1283 694 1357 ita&
710 1278 911 1361 Absolomi,
938 1277 1109 1368 majorem
1125 1278 1255 1349 habere
1270 1276 1430 1348 videatur
1444 1275 1662 1367 empnam,
1686 1293 1765 1349 tum

597 1379 749 1469 denique
773 1396 855 1448 cum
878 1371 1057 1447 felicitatis
1071 1373 1307 1467 descriptione
1322 1370 1447 1446 aratus
1469 1364 1665 1452 cohae'rear
1679 1373 1767 1445 libe·

595 1475 690 1556 ratio
713 1471 858 1642 gaudis
878 1472 914 1545 dr
934 1469 1131 1561 restitutio,
1156 1473 1288 1566 quippe
1302 1491 1380 1566 que
1394 1491 1472 1544 eam
1490 1471 1604 1544 brevi
1618 1467 1704 1564 post
1718 1469 1769 1544 se-

597 1586 718 1646 cutae
752 1625 761 1644 .
1202 1607 1209 1620 ·
1524 1586 1528 1592 ’

650 1671 684 1758 §.
698 1665 762 1741 lV.
789 1665 909 1763 Scopas
921 1661 997 1753 Pr,
1013 1685 1056 1738 ex
1070 1686 1143 1757 quo
1157 1663 1201 1740 de
1220 1665 1280 1763 asa
1296 1667 1371 1760 ejus
1388 1663 1493 1740 facile
1510 1665 1685 1757 constat,
1700 1665 1772 1760 est,

601 1787 637 1842 1.
655 1779 927 1841 monumentum
943 1761 1079 1858 erigere
1093 1760 1332 1840 adfectionum
1351 1762 1488 1839 suarum
1503 1764 1678 1859 piarum,
1698 1789 1773 1864 gra.

602 1863 783 1953 titudinis,
809 1882 876 1956 qua
897 1857 1061 1935 concessa
1083 1859 1256 1936 beneficia
1284 1861 1387 1951 Deo,
1419 1862 1567 1955 ejusque
1593 1862 1767 1938 indebite

603 1963 745 2062 gratiae,
769 1958 956 2046 adtribuit,
981 1955 1143 2056 confugii
1161 1959 1205 2032 ad
1217 1961 1337 2039 Deum
1354 1961 1391 2034 in
1413 1960 1614 2052 precibus,
1641 1962 1770 2056 qubus

452 2091 459 2099 .
605 2058 854 2134 liberationem
875 2057 918 2129 ab
941 2051 1100 2130 hostibus
1121 2053 1240 2132 aDeo
1256 2055 1400 2150 supplex
1414 2055 1518 2148 petiit
1534 2058 1570 2130 dt
1590 2055 1776 2152 exspem.
1818 2057 1826 2093 '

604 2158 690 2244 vit,
722 2177 797 2226 non
818 2152 885 2225 suis
904 2151 1037 2225 viribus
1060 2149 1189 2244 fidens,
1222 2152 1374 2246 denique
1399 2151 1533 2226 fiduciae
1557 2157 1597 2229 in
1625 2154 1775 2246 Deum,

608 2273 679 2344 qua
699 2248 945 2322 liberationem
965 2243 1200 2346 exspectavit,
1226 2251 1260 2324 dt
1280 2249 1481 2343 prosperam
1501 2251 1632 2344 populi
1649 2253 1773 2326 condi-

606 2348 748 2422 tionem
768 2345 831 2420 fibi
857 2345 1033 2439 promisit,
1058 2361 1223 2440 tanquam
1245 2349 1426 2422 materiam
1442 2349 1573 2421 cantici
1592 2351 1636 2422 in
1650 2350 1778 2425 lauder

606 2445 680 2520 Dei
710 2460 786 2519 tum
806 2443 966 2518 canendi.
1010 2465 1044 2516 a.
1066 2439 1250 2534 formulam
1270 2465 1419 2540 precum
1438 2442 1502 2518 s1bi
1528 2446 1564 2519 &
1581 2446 1661 2520 aliis
1685 2471 1779 2541 pra·-

608 2541 783 2632 scribere,
816 2564 884 2636 qua
905 2555 1091 2616 uterentur
1114 2555 1279 2635 tempore
1305 2541 1491 2616 invasionis
1515 2541 1702 2632 hostium,
1743 2546 1781 2619 da

610 2640 887 2739 gravissimorum
901 2639 1164 2734 periculorum,
1186 2639 1268 2714 inde
1282 2641 1527 2715 oriundorum.
1577 2639 1669 2740 Quae
1686 2642 1778 2718 sunt

609 2739 741 2813 facilia.
789 2737 930 2828 Reliqui
956 2739 1038 2810 ulus
1067 2734 1209 2829 practici
1237 2738 1280 2809 ab
1311 2758 1528 2830 unoquoque
1555 2739 1640 2810 hinc
1660 2729 1773 2816 sn‘dile

611 2849 796 2910 eruuntur.
822 2832 904 2907 Vid.
926 2833 970 2906 ad
991 2830 1042 2908 Ps.
1064 2854 1171 2908 xvru.
1221 2831 1393 2906 Saraaara
1416 2833 1466 2907 Ps.
1489 2856 1606 2908 moras
1625 2857 1704 2910 non
1721 2837 1780 2913 in·

607 2933 698 3027 Jicit.
747 2927 874 3003 Oratio
889 2927 940 3001 est
958 2931 1084 3022 partim
1100 2932 1303 3019 laudatoria,
1319 2932 1445 3023 partim
1458 2938 1667 3026 precotma,
1695 2957 1781 3028 par.

612 3033 679 3105 tim
701 3031 840 3113 votiva,
879 3024 913 3096 &
937 3029 1158 3118 gratulatoria
1180 3027 1282 3122 super
1306 3029 1516 3103 liberatione
1539 3028 1778 3106 &felicitate

611 3125 737 3226 populi
753 3123 893 3198 cantico
909 3121 1130 3198 celebranda.
1172 3124 1213 3198 In
1227 3128 1348 3198 daobar
1362 3126 1538 3220 prioribus
1550 3125 1672 3201 sermo
1687 3127 1782 3206 sem·

614 3247 680 3322 per
703 3225 746 3299 ad
769 3222 886 3295 Deum
908 3219 1087 3315 dirigitur,
1119 3221 1158 3296 in
1178 3227 1279 3295 tertio
1299 3222 1342 3295 de
1359 3223 1442 3298 Deo
1463 3223 1578 3314 sermo
1596 3221 1665 3312 fit,
1693 3229 1781 3321 quia

603 3321 749 3398 'summa
770 3319 898 3394 cantici
914 3317 1134 3412 triumphalis
1149 3320 1184 3393 dt
1198 3319 1415 3414 gratulatorii
1434 3317 1581 3394 traditur
1598 3322 1635 3394 in
1654 3322 1778 3399 laudes

616 3419 716 3495 Dei:
752 3417 867 3515 Stylas
888 3415 940 3489 est
961 3417 1113 3512 planus,
1153 3413 1213 3487 sed
1237 3417 1275 3490 in
1295 3417 1415 3508 judicii
1437 3418 1505 3490 Dei
1531 3417 1775 3513 descriptione

617 3531 756 3592 tantum
792 3513 958 3614 figuratus
990 3515 1026 3590 dc
1059 3513 1235 3602 sublimis,
1277 3528 1373 3590 totus
1404 3513 1623 3591 adfectuosus
1659 3521 1776 3595 valde.

619 3611 740 3686 Partes
755 3615 954 3710 generales,
978 3629 1019 3686 ut
1035 3635 1078 3686 ex
1093 3613 1188 3687 ditiis
1204 3611 1305 3686 facile
1321 3613 1453 3706 liquet,
1480 3627 1545 3686 tres
1560 3613 1655 3691 sunt.
1695 3615 1778 3692 Pri-

519 3759 527 3778 ,
617 3731 672 3781 nra
695 3709 744 3780 est
759 3713 943 3784 laudatoria
958 3734 1025 3804 pro
1040 3708 1205 3784 conceffis
1219 3708 1421 3797 beneficiis,
1447 3713 1536 3785 vers.
1556 3734 1668 3803 1-4.
1723 3715 1779 3790 Sr-

619 3806 724 3877 conda
745 3805 795 3875 est
815 3815 996 3900 precatoria
1011 3833 1075 3903 pro
1090 3809 1299 3880 liberatione
1314 3812 1356 3882 ab
1373 3807 1547 3896 hostibus,
1574 3811 1668 3884 veis.
1687 3819 1777 3901 5-8.

626 3899 740 3974 Tertia
768 3900 818 3973 est
839 3911 1060 3998 gratulatoria
1083 3904 1186 3998 super
1206 3904 1417 3980 liberatione
1440 3907 1646 3998 inpetrata,
1675 3911 1776 3984 &fe-

555 4018 559 4025 ·
620 3999 753 4074 licitate
771 4003 915 4091 populi,
934 4003 968 4075 in
989 4003 1189 4078 laudesllei
1204 4004 1357 4080 carmine
1373 4003 1604 4101 celebranda,
1621 4031 1667 4082 ex
1683 4023 1769 4081 voto

618 4100 651 4174 dr
671 4094 932 4192 exspectatione
949 4119 1048 4192 orta,
1074 4101 1162 4177 vers.
1178 4120 1288 4196 9··15.

1525 4215 1776 4290 EXPLlCA·
