3984 5159
435 492 562 675 Νιο·μ
606 535 633 619 Ρ
678 536 701 617 S
753 534 985 623 ALM..
1041 539 1318 638 cxlvzm.
1417 552 1471 645 65·
1621 581 1678 637 .·
1826 560 1832 579 ·
1919 540 1921 547 ·

305 717 404 799 serat
428 722 529 797 valde
549 722 868 809 intremuimus,
900 717 965 794 E'x.
990 724 1069 797 xix}
1093 718 1153 797 liic
1175 715 1326 806 describi
1353 738 1462 799 nemo

307 842 382 897 non
406 819 517 895 videt.
579 818 660 893 Nec
683 818 734 892 est
763 824 797 892 in
821 818 983 894 oratione
1016 833 1137 893 autre
1159 818 1288 910 aliquid
1310 820 1463 905 obscuri,

307 916 467 993 Tantum
484 917 606 992 'notari
629 917 758 1002 velim,
783 916 890 989 hasce
907 931 1018 1013 terte¹
1031 922 1147 1007 parom
1168 916 1228 995 hie
1249 917 1288 993 itt
1309 915 1464 1004 testimo·

308 1015 410 1091 nium
424 1012 528 1089 eleffl
543 1011 680 1084 Israelis
693 1012 731 1084 in
746 1010 899 1087 sensium
911 1010 983 1083 Dei
995 1030 1145 1108 regnum
1159 1011 1312 1103 adduci,
1343 1036 1466 1109 eoque

309 1112 517 1206 pertinere,
536 1106 636 1201 quod
656 1130 744 1179 marr
763 1108 899 1183 dieatm
913 1105 1028 1204 vidiffss
1045 1123 1082 1183 et
1097 1104 1279 1203 refugisse,-
1302 1111 1401 1203 quod
1414 1112 1466 1205 ips

308 1208 386 1284 sum
408 1205 452 1279 ad
470 1201 652 1302 Jordonem
667 1220 705 1277 et
722 1220 842 1279 montes
857 1204 909 1278 est
922 1205 1177 1298 adplicandum.
1240 1202 1361 1303 Vidiffe
1376 1228 1473 1283 veru·

309 1302 577 1389 obluctatur,
615 1322 654 1374 re
676 1300 746 1374 visa
767 1325 842 1377 non
864 1315 1082 1390 memorata,
1113 1300 1285 1377 Divinam
1307 1302 1466 1395 majesta·

312 1415 387 1476 tem
411 1398 448 1473 in
464 1397 583 1486 medlo
600 1398 723 1490 populi
738 1394 871 1475 Israelis
881 1398 1116 1495 presentem,
1131 1399 1167 1473 in
1182 1398 1316 1496 lignum
1330 1398 1469 1475 Israelis

313 1495 438 1593 populi
466 1492 537 1567 Dei
562 1491 666 1568 saneti
686 1492 789 1583 faur,
827 1516 873 1567 ex
899 1494 1135 1588 superinribus
1155 1496 1407 1591 repetendam,
1433 1498 1468 1572 δι
1574 1522 1591 1545 ·

193 1618 198 1627 ·
314 1606 436 1670 mente
456 1590 719 1688 intelligendam
739 1591 831 1678 effe,
857 1613 931 1667 non
955 1588 1007 1667 est
1029 1592 1068 1673 in
1089 1588 1251 1669 obscuro.
1278 1625 1281 1636 ·
1306 1590 1469 1670 Viderum

313 1690 383 1765 hoc
415 1701 587 1783 quatenus
617 1692 865 1764 commotione
887 1686 946 1765 sua
969 1688 1244 1767 extraordinam
1263 1688 1334 1765 hoc
1356 1687 1469 1770 sense·

312 1802 420 1877 runt,
446 1787 481 1859 &
497 1808 539 1859 ea
552 1787 689 1860 ratione
705 1784 822 1861 testati
838 1783 930 1865 sunt.

364 1887 396 1975 §.
412 1878 504 1959 XIII.
556 1886 592 1972 β.
619 1884 719 1959 Hanc
740 1884 835 1959 enim
857 1880 964 1963 solam
988 1900 1059 1963 tam
1081 1884 1213 1965 insoliti
1227 1873 1347 1963 motta
1365 1882 1467 1959 fuisse

314 1979 451 2055 causam
476 1980 510 2055 st
535 1980 733 2069 rationem,
754 1998 882 2077 poeta,
908 1982 1189 2077 apostrophead
1208 2006 1265 2059 eas
1286 1994 1402 2077 partes
1417 1980 1469 2065 fa,
1521 1972 1524 1978 ’
1663 2067 1669 2076 ,

183 2146 186 2153 .
316 2077 392 2168 ea,
433 2076 486 2151 his
511 2077 628 2152 verbIs
649 2079 794 2154 ulterius
818 2076 990 2170 adstruit,
1031 2080 1122 2157 vers
1147 2103 1185 2173 5,
1205 2083 1243 2160 6.
1261 2078 1353 2182 Quid
1372 2075 1471 2171 Titi,

314 2175 424 2251 stare!
465 2172 557 2263 suit,
590 2176 671 2271 quod
691 2172 883 2272 refugeris?
916 2174 1103 2275 Joaanest
1128 2180 1208 2273 quos
1227 2172 1473 2274 revocassetis?

316 2273 459 2345 montes!
486 2273 565 2364 quod
581 2268 789 2365 sulsslietitis
806 2269 894 2365 ficut
914 2278 1060 2349 arsetes?
1091 2279 1206 2349 colles!
1224 2272 1314 2367 ficut
1338 2276 1474 2368 agnitus
1601 2310 1607 2320 ·

317 2366 370 2443 tt?
396 2366 578 2461 RepetitIo
591 2364 642 2441 ·fit
663 2370 844 2469 elegantiae
867 2371 901 2445 st
922 2369 1116 2465 emphalios
1133 2390 1244 2467 etgos
1270 2368 1474 2462 &aposto

316 2464 387 2564 phe
411 2464 537 2563 eodem
562 2464 696 2557 tendit,
731 2472 800 2563 qu'a
822 2483 999 2543 creaturas
1017 2467 1093 2545 illas
1115 2482 1283 2561 tanquam
1301 2467 1473 2542 animatas

317 2584 382 2660 per
406 2560 565 2657 persone
584 2560 763 2639 tutonem
785 2564 1009 2655 adloquitur;
1041 2564 1217 2643 rationem
1244 2564 1289 2639 ab
1311 2561 1389 2654 ipfis
1416 2581 1473 2634 re·

288 2736 291 2741 .
317 2676 469 2754 petens,
494 2680 601 2753 quare
624 2671 754 2737 tantam
768 2658 938 2736 subierint
955 2663 1202 2741 mutationem.
1249 2658 1473 2753 Interpretes
1514 2724 1517 2729 .

319 2757 358 2831 ln
384 2756 493 2849 scopo
516 2756 550 2829 δι
578 2754 678 2831 sensu
698 2758 986 2854 interrogarioms
1007 2756 1216 2852 eupliomdo
1236 2756 1352 2831 minus
1375 2752 1473 2837 teile
1569 2852 1572 2857 ἡ

319 2850 438 2945 pallini
461 2850 587 2925 versati
608 2850 709 2931 sunt,
761 2854 820 2927 De
841 2867 911 2947 quo
935 2855 1122 2953 hicssagere
1142 2875 1217 2931 non
1238 2852 1335 2931 licet.
1383 2849 1475 2925 Cru-

241 2964 245 2971 ·
320 2952 409 3023 cem·
428 2943 537 3021 sirtille
560 2947 729 3040 videtur,
754 2951 849 3045 quod
870 2951 1009 3029 nullum
1028 2968 1249 3029 memoretur
1267 2947 1474 3044 responsum
1600 3024 1604 3031 .

318 3044 363 3119 ad
396 3038 710 3141 interrogationem
751 3046 894 3123 fastum.
960 3048 1032 3123 Sed
1066 3048 1236 3144 responso
1268 3046 1368 3123 locus
1397 3067 1475 3121 non

318 3155 416 3230 erat,
458 3142 538 3234 quia
566 3143 658 3219 rau'o
678 3144 743 3219 alla
763 3159 868 3222 tantae
890 3146 1145 3225 commotionis
1168 3166 1237 3221 nee
1260 3156 1365 3233 erat,
1389 3160 1472 3215 nee

323 3238 397 3313 dari
426 3253 598 3331 poterat,
636 3264 678 3315 ac
706 3264 783 3337 quae
810 3243 919 3319 modo
944 3260 1140 3320 memorata
1168 3238 1343 3339 erat‚,ad
1369 3258 1476 3331 quam
1517 3313 1520 3323 .

321 3335 473 3409 ulterius
510 3332 759 3419 adfirmandum
781 3342 864 3421 ‘hac
886 3336 1344 3435 collocat-„interrogatio
1381 3330 1477 3437 Qat‘d

323 3430 404 3508 Tur
424 3430 531 3521 fuit,
575 3456 699 3527 murt,
737 3441 818 3534 quod
846 3436 1044 3533 refugeris?
1079 3440 1174 3516 idem
1197 3438 1318 3536 ‚itaque
1333 3430 1389 3518 ¹est
1411 3436 1478 3545 lte,

204 3620 210 3629 .
325 3532 403 3627 quid
430 3526 506 3603 Tibi
525 3530 638 3620 allud,
659 3554 700 3605 ac
721 3534 817 3628 quod
839 3535 931 3624 dlxi3
956 3530 1071 3613 suits'
1086 3555 1165 3630 quae
1179 3530 1411 3627 iuterrogatio
1425 3551 1478 3608 ru·

288 3704 292 3712 ,
324 3628 443 3703 volvit
457 3628 717 3725 negationem,
755 3632 790 3705 δι
814 3630 1020 3728 responderi
1041 3633 1183 3711 adeam
1202 3628 1478 3719 debuissemus*

326 3729 374 3800 hil
399 3724 513 3812 aliud,
541 3725 699 3820 acquod
720 3728 859 3803 uidente
878 3732 1001 3809 Deum
1021 3722 1296 3824 potentissimum
1319 3728 1400 3801 lruIc
1416 3747 1480 3821 po·

324 3822 417 3921 ,pulo
436 3820 689 3914 praesentem»
720 3822 940 3920 Responsum
963 3850 1051 3908 vero
1066 3828 1265 3916 reticetur,
1289 3826 1369 3922 qula
1389 3819 1478 3901 nihil

255 3940 257 3945 ·
331 3918 426 3997 aliud
453 3918 607 4017 proferri
640 3934 807 4019 poterat,
845 3925 1005 4101 udeioqste
1033 3922 1298 4035 ips93lilentio,
1311 3925 1519 4018 its-rnen·-

378 4066 381 4076 ·
1404 4033 1481 4097 tem
