3984 5159
424 608 588 705 -33-
709 592 1618 677 conururrnrur

533 782 688 859 feliciter
711 782 901 859 tractarunt
924 782 1154 875 Interpretes.
1205 776 1324 875 Vulgo
1351 792 1565 873 vertuntur,
1590 781 1693 854 mode·
1724 785 1728 799 ’

535 884 664 955 rabitur
687 884 786 953 verbu
809 884 863 954 vel
884 900 935 951 res
947 877 1032 1047 [aar
1047 882 1083 950 in
1098 878 1155 950 vel
1172 900 1242 949 cum
1252 877 1398 971 judicio,
1422 878 1457 951 h.
1472 898 1503 949 e.
1519 876 1694 972 sapienter

535 1002 577 1052 ac
599 978 815 1072 prudentem
843 977 877 1048 δι
901 997 946 1048 ve
986 975 1032 1047 de
1053 977 1268 1063 verborum,
1295 973 1355 1045 vel
1375 994 1492 1048 rerum
1513 976 1692 1069 prudente

534 1073 785 1169 disposrtione,
810 1094 878 1166 qua
898 1073 1024 1147 modus
1039 1072 1076 1147 in
1089 1072 1252 1147 omnibus
1267 1068 1447 1159 seruatur,
1471 1071 1505 1144 δι
1530 1072 1690 1151 excessus

533 1173 735 1258 evitantur,
755 1172 1059 1266 interpretantur.
1093 1169 1181 1253 Sed,
1206 1182 1437 1261 praetcrquam
1460 1170 1554 1262 quod
1578 1178 1691 1250 verba

531 1292 608 1346 non
630 1268 832 1359 qualitatem
847 1269 1038 1356 moralem,
1065 1266 1122 1339 sed
1134 1263 1366 1352 beneficium,
1391 1266 1485 1359 quod
1501 1268 1634 1342 liberali
1652 1273 1686 1346 u

532 1364 752 1441 misericordi
768 1365 1010 1462 contingeret,
1020 1364 1237 1451 describant,
1252 1376 1292 1436 ut
1306 1382 1350 1435 er
1366 1384 1461 1437 nexu
1476 1363 1686 1443 &nauum

402 1514 411 1530 .
533 1462 705 1537 orationis
726 1478 844 1555 patet3
876 1464 986 1535 verba
1001 1463 1097 1537 hunc
1113 1460 1248 1535 sensum
1269 1480 1344 1533 non
1359 1458 1502 1550 serunt,
1528 1486 1596 1537 nec
1613 1466 1686 1542 sco·

534 1580 598 1653 pus
621 1558 785 1633 admittit.
846 1556 1009 1633 Verbum
1033 1560 1143 1633 Hebr.
1167 1563 1331 1643 &aranon
1345 1556 1684 1647 denotatnuderari,

497 1674 499 1677 ·
534 1668 731 1750 temperare,
762 1652 821 1727 sed
842 1658 956 1749 primo
972 1662 1155 1747 continere,
1180 1669 1310 1749 capere,
1334 1652 1492 1729 ficutvas
1510 1657 1685 1751 liquorem

521 1746 592 1825 'aut
616 1752 709 1825 arida
730 1754 987 1847 comprehendit,-
1020 1754 1101 1827 dein
1119 1749 1326 1849 suflmtare,
1353 1757 1439 1824 tueri
1448 1803 1461 1841 ,
1486 1751 1547 1827 seu
1573 1755 1686 1831 effice·

532 1871 592 1933 re,
617 1870 664 1923 nc
685 1863 897 1925 contentum
921 1848 1075 1939 diffluat,
1107 1864 1170 1922 aut
1197 1848 1345 1921 excidat.
1396 1850 1452 1923 Sic
1479 1852 1684 1949 proferre,

523 1944 706 2043 sustinere,
734 1953 769 2019 iu
781 1944 877 2037 statu
892 1943 952 2041 suo
975 1946 1185 2041 conseruare,
1207 1945 1325 2042 iignat.
1351 1942 1423 2037 Jer.
1440 1968 1497 2022 rr:
1520 1970 1553 2038 9.
1575 1950 1682 2030 Zach.

465 2102 470 2112 .
523 2065 580 2133 rr:
602 2044 655 2116 16.
674 2044 782 2117 ProV.
801 2064 908 2116 xvrrr:
929 2066 983 2134 14.
1032 2043 1176 2116 Animus
1192 2040 1682 2142 oirisustinetnordumsuum.

530 2140 692 2214 Secunda
714 2162 806 2227 vor,
839 2142 938 2211 verra
954 2138 1041 2234 sua,
1082 2140 1170 2235 saepe
1198 2161 1263 2233 pro
1290 2137 1387 2234 causa
1408 2141 1582 2232 judiciali,
1615 2170 1684 2241 pro

532 2241 609 2323 lite,
650 2235 709 2306 seu
737 2236 971 2327 disputatione
993 2236 1202 2328 injudicio,
1229 2235 1433 2330 usurpatum
1459 2245 1683 2333 quemadmo.

533 2332 616 2411 dum
641 2332 737 2405 radix
761 2331 978 2426 frequentari
1001 2329 1088 2407 solet
1110 2335 1146 2407 in
1167 2334 1342 2407 adimitur
1361 2334 1593 2429 judicialibus,
1618 2365 1684 2417 no·

531 2444 653 2528 ratque
682 2428 958 2503 controversum
987 2428 1206 2521 judiciariam
1231 2430 1388 2527 agitare,
1425 2432 1684 2529 disceptare&

528 2526 667 2623 longius
695 2528 855 2600 deducere.
889 2525 938 2600 Ps.
965 2546 999 2600 L:
1025 2548 1056 2602 r.
1079 2548 1129 2604 rr:
1148 2527 1181 2601 6.
1212 2530 1338 2601 asam.
1360 2547 1434 2602 xrv:
1460 2551 1513 2604 10.
1536 2539 1683 2629 proprie
1912 2619 1913 2626 .

528 2622 634 2711 dicit,
653 2620 801 2721 struere,
829 2624 863 2696 dr
886 2627 1016 2721 longius
1043 2624 1164 2698 aeirem
1185 2642 1225 2695 ac
1238 2625 1397 2698 deducere.
1447 2626 1572 2702 Tertia
1587 2656 1679 2727 vox,
1804 2690 1810 2700 .

527 2722 724 2827 injudicio,
761 2720 804 2793 ad
827 2720 1014 2795 tribunalia
1042 2722 1077 2794 u
1105 2719 1260 2796 adtiones
1286 2722 1467 2813 judiciales
1492 2724 1689 2806 manifeste

394 2864 397 2871 ·
529 2834 670 2913 quoque
687 2814 795 2891 ducit.
844 2816 969 2891 Sensus
987 2818 1125 2912 itaque,
1150 2839 1255 2911 quem
1273 2818 1380 2892 verba
1402 2818 1526 2914 sponte
1541 2824 1598 2901 sua
1619 2852 1677 2904 ex·

471 3002 474 3007 ,
528 2910 674 3001 hibent,
700 2910 771 3000 est,
798 2912 914 2989 virum
937 2913 1036 3009 pium
1058 2914 1092 2987 δι
1114 2912 1334 3003 beneficum,
1367 2939 1433 3010 per
1446 2942 1554 3015 opera
1568 2924 1677 3001 chari.
1764 2970 1769 2977 ·

529 3012 631 3100 tatis,
658 3032 734 3102 quae
749 3008 880 3099 edidit,
906 3008 1033 3104 causum
1042 3009 1136 3101 suum
1153 3012 1200 3085 ita
1214 3014 1407 3106 injudicio,
1432 3014 1504 3087 five
1518 3016 1675 3127 Divino,
1771 3090 1777 3097 .

526 3108 595 3185 five
612 3108 784 3195 humano,
810 3108 981 3182 ruiturum
996 3106 1084 3195 eise,
1111 3123 1150 3182 ut
1164 3109 1375 3201 triumphet,
1402 3110 1436 3180 da
1449 3110 1675 3212 iustificatos,

527 3230 568 3281 ac
596 3206 761 3282 encomio
781 3220 947 3292 ornatus,
973 3203 1146 3294 discedat,
1173 3207 1337 3300 opposite
1356 3204 1400 3277 ad
1424 3206 1588 3301 impium,
1615 3221 1675 3309 qui

524 3304 586 3379 ubi
605 3302 767 3401 judicium
787 3304 824 3373 de
845 3300 909 3397 ipso
932 3299 1141 3395 instituitur,
1167 3306 1202 3377 in
1226 3303 1361 3395 judicio
1388 3326 1451 3374 nou
1480 3303 1572 3397 stare
1593 3313 1677 3385 dici·

525 3418 608 3489 tur,
625 3398 672 3472 Ps.
690 3422 716 3472 r:
733 3422 766 3490 5.
783 3420 865 3473 cum
880 3415 1006 3472 contra
1020 3399 1083 3492 piis
1100 3400 1347 3493 promittatur,
1371 3423 1491 3474 omnem
1505 3407 1674 3503 linguam,

527 3522 593 3593 qua
623 3510 734 3569 contra
758 3494 840 3593 ipfiu
862 3496 897 3569 in
917 3497 1038 3591 Judirio
1053 3495 1179 3591 studit,
1205 3497 1274 3569 ess'e
1289 3498 1579 3594 condemnandum,
1604 3506 1673 3601 jes,

526 3614 675 3685 r1vtr7.
1547 3622 1559 3640 ⁸

573 3688 726 3783 §.xxti
751 3690 841 3767 Corn
864 3714 950 3765 vero
969 3692 1129 3787 judicium
1151 3692 1300 3781 srt,·vel
1324 3692 1512 3784 Divinum,
1539 3701 1596 3772 vei
1616 3706 1673 3777 bu.

525 3812 679 3875 munum3
705 3789 740 3861 in
765 3803 915 3882 utroque
936 3788 1004 3865 dici
1031 3788 1149 3886 potest
1170 3791 1271 3884 pius,
1297 3792 1332 3867 u
1354 3790 1527 3867 charitatis
1572 3798 1673 3879 lenus

524 3888 599 3977 vir,
635 3884 870 3983 cazafurnfiram
891 3889 1011 3977 tueri;
1046 3903 1216 3987 quatenus
1242 3908 1272 3961 1.
1291 3884 1383 3977 Deo,
1422 3890 1510 3981 juste
1534 3820 1671 3987 ἕωμεν

525 3986 557 4057 dt
581 4006 679 4077 aque
695 3983 888 4155 predicanti,
923 3984 993 4058 ieie
1016 3986 1208 4079 adprobat,
1246 3986 1281 4058 dt
1303 3986 1496 4084 benignum
1521 3994 1564 4062 ab
1586 3993 1670 4066 aiio·

521 4104 599 4161 rum
622 4082 832 4159 concientia
858 4081 1031 4177 judicium
1055 4104 1129 4159 non
1155 4080 1258 4178 poffit
1276 4104 1351 4157 noo
1370 4085 1506 4156 referre
1514 4132 1526 4174 ,
1559 4089 1668 4256 rpipdo

1204 4214 1209 4225 ¹
1553 4204 1572 4254 a
1614 4208 1668 4260 cc·
