3984 5159
642 527 1690 700 144‚com.MnNTAn1US.

642 791 879 885 &moledIca,
905 789 986 884 Job.
1000 810 1080 866 nvn
1101 809 1157 882 13.
1205 785 1316 888 Quod
1335 785 1634 883 fimilitudoapum
1651 786 1797 862 ulterius

642 887 839 980 confirmat.
890 887 1053 986 Quarum
1067 883 1117 959 est
1133 884 1357 980 undiquaque
1371 886 1535 980 cingere,
1556 905 1738 981 pungere,
1763 885 1797 957 dr

640 989 780 1060 aculeos
803 982 973 1082 infigere,
997 1005 1039 1069 ac
1060 982 1269 1072 vulnerare,-
1294 983 1500 1075 quibuscum
1523 979 1664 1056 hostiles
1689 984 1797 1074 impe·

639 1097 698 1156 tus
715 1085 915 1174 comparari
929 1079 1065 1165 solent,
1089 1095 1130 1160 ut
1144 1077 1253 1154 Deut.
1269 1100 1293 1152 1:
1309 1101 1367 1170 44.
1392 1077 1459 1172 Jes.
1479 1100 1547 1152 vri:
1570 1099 1623 1170 ¹7·
1649 1077 1798 1171 &apud

629 1180 727 1254 alim
742 1178 929 1270 scriptores
946 1207 976 1252 α.
1015 1175 1134 1250 Voces
1147 1197 1258 1266 vero,
1273 1174 1376 1270 instar
1389 1191 1508 1270 apum,
1522 1174 1566 1249 ad
1580 1190 1693 1250 comm
1706 1175 1798 1248 hanc

644 1275 878 1368 pericopam,
911 1272 969 1347 seu
993 1293 1119 1357 omnes
1145 1271 1362 1362 invasiones,
1387 1271 1458 1346 sese
1483 1271 1700 1362 extendunt,
1730 1267 1799 1346 acsi

644 1369 784 1464 semper
804 1371 927 1444 additae
948 1367 1091 1446 fulffent
1109 1372 1222 1444 verbo
1242 1371 1473 1443 circumdandi.
1523 1368 1718 1466 Elegantia²
1738 1389 1799 1440 ve·

644 1489 687 1542 ro
710 1468 878 1542 oratIonis
899 1465 950 1540 est
968 1464 1255 1557 adscribendum,
1280 1466 1375 1560 quod
1392 1466 1518 1540 ultimo
1540 1468 1703 1541 membro
1725 1481 1799 1540 tan·

648 1577 725 1638 tum
746 1564 957 1640 adhereant.
1007 1563 1115 1655 Cujus
1140 1565 1239 1657 plura
1260 1562 1397 1638 exstant
1414 1564 1451 1640 in
1474 1561 1523 1639 Ps.
1539 1563 1572 1635 δι
1586 1563 1668 1636 alibi
1682 1585 1800 1638 erem·

646 1659 727 1756 pla,
744 1677 785 1743 ut
798 1660 839 1734 ad
855 1660 903 1736 Ps.
921 1682 1008 1736 xcn.
1027 1659 1306 1737 observavimus.
1332 1659 1467 1735 Iudicat
1481 1659 1600 1752 itaque
1622 1659 1725 1746 Dux,
1740 1661 1799 1752 qui

647 1757 707 1832 hic
731 1757 907 1852 loquitur,
932 1760 967 1832 se
988 1757 1024 1830 dt
1045 1758 1216 1851 populum
1237 1755 1339 1832 fuisse
1354 1771 1479 1854 aperto
1496 1773 1608 1832 marte
1629 1757 1801 1831 hostiliter

648 1853 801 1950 petitum
823 1855 867 1930 ab
889 1855 1020 1927 irarum
1041 1853 1152 1946 plenis
1176 1851 1351 1944 hostibus,
1376 1853 1410 1927 st
1431 1854 1529 1928 omni
1552 1854 1662 1928 modo
1685 1853 1802 1929 verbis

644 1953 687 2122 pr
710 1949 807 2028 fastis
830 1950 1085 2040 vulneratum,
1115 1949 1151 2026 u
1174 1951 1217 2026 ad
1239 1951 1389 2030 totalem
1413 1947 1684 2028 destrutllonem
1707 1952 1802 2026 inva·

664 2071 736 2122 um.

699 2148 731 2232 §.
759 2141 871 2217 XXII.
922 2165 955 2216 2.
980 2141 1135 2218 Hostiles
1158 2145 1223 2220 hos
1248 2147 1401 2242 Impetus
1420 2149 1494 2226 non
1515 2149 1619 2226 unius
1640 2162 1701 2222 aut
1719 2147 1823 2222 alte.

650 2239 742 2326 rius,
769 2238 827 2312 sed
848 2244 989 2316 mnium
1003 2247 1153 2339 gentium
1170 2242 1271 2318 fuisse
1291 2243 1516 2335 testificatur,
1542 2249 1603 2321 ubi
1618 2247 1724 2334 dIcit,
1740 2269 1804 2320 om

650 2340 1228 2513 ”trilhltlulllttlta
1243 2340 1804 2534 hintsstztltlsttltl

651 2455 763 2698 §ped
783 2534 819 2607 in
840 2549 1003 2628 tempora
1025 2529 1250 2610 Maccabaica
1275 2535 1379 2609 unIce
1402 2465 1571 2630 quadrdt:
1597 2538 1651 2613 uti
1675 2551 1805 2614 notum

588 2695 591 2699 .
651 2647 672 2698 e
705 2682 713 2700 .
752 2629 1075 2722 Syro-Macedones
1096 2633 1276 2725 primum,
1303 2633 1363 2724 qui
1384 2656 1509 2708 omnes
1531 2635 1606 2710 illas
1626 2650 1750 2732 gentes
1768 2633 1808 2708 Ii·

651 2723 690 2830 bi
705 2722 882 2800 habebant
897 2725 1083 2818 subjectas,
1104 2729 1186 2803 dein
1200 2729 1326 2822 reliqui
1338 2731 1463 2823 populi
1480 2733 1616 2820 vicini,
1635 2736 1674 2806 in
1691 2729 1808 2827 pemi-

655 2837 747 2922 crem
768 2817 967 2913 Judaeorum
983 2820 1247 2915 conspirarunt:
1272 2839 1314 2899 ut
1328 2825 1454 2902 diserte
1471 2851 1488 2902 1
1505 2829 1674 2908 Macov:
1696 2852 1727 2904 1.
1741 2847 1809 2906 tra·

655 2911 760 3025 ditur.
814 2937 847 3008 3.
872 2916 1057 2995 Irruerunt
1071 2942 1145 2996 non
1158 2941 1229 2994 una
1241 2922 1320 2994 vite
1337 2925 1373 2999 dr
1387 2925 1635 3018 expeditione,
1661 2924 1720 3000 sed
1733 2927 1823 3022 plu(

655 3010 774 3100 ribus,
796 3034 863 3086 nec
889 3037 997 3108 parva
1019 3039 1125 3092 manu
1142 3017 1202 3089 sed
1216 3019 1348 3115 magnis
1362 3023 1495 3114 copiis,
1517 3043 1586 3097 nec
1599 3023 1807 3098 militaribus

554 3171 560 3180 .
655 3123 814 3199 tantum,
830 3109 888 3184 sed
900 3113 996 3186 iratis
1011 3113 1047 3186 dt
1059 3115 1273 3188 exacerbatis
1286 3117 1435 3192 inarime
1449 3119 1594 3207 animis,
1611 3119 1808 3212 plenarium

653 3205 831 3298 excidium
853 3208 1107 3286 minitantibus.
1157 3207 1242 3308 Quo
1256 3213 1384 3305 partim
1403 3219 1624 3309 comparatio
1640 3238 1722 3292 cum
1735 3221 1806 3312 api·

652 3307 733 3476 pap,
758 3304 888 3476 ριιὲἰφ
915 3303 1085 3401 repetitio
1111 3305 1286 3402 phrafium
1313 3313 1587 3388 circumdederunt
1607 3336 1675 3404 me,
1697 3312 1808 3390 mani·

671 3423 690 3474 e
723 3420 819 3476 eren
846 3418 886 3478 rt.
1325 3476 1329 3484 .

703 3503 735 3585 §.
760 3499 888 3577 XXIII.
935 3525 970 3595 4.
993 3503 1081 3593 Sed,
1104 3525 1208 3599 quam
1236 3504 1369 3583 infelici
1392 3507 1547 3584 successu
1577 3509 1613 3582 id
1634 3508 1809 3599 fecerint,

680 3609 852 3690 uantaque
873 3621 955 3676 cum
978 3597 1037 3675 sua
1057 3603 1176 3690 clade,
1200 3603 1373 3695 declarat,
1398 3608 1460 3681 ubi
1479 3607 1578 3684 dicits
1609 3606 1740 3680 Concide·
1762 3612 1811 3702 ip·
1886 3622 1888 3625 ·

646 3615 725 3783 Ios,
750 3691 935 3770 &ardendo
954 3697 1194 3793 erstinslisunt
1212 3697 1317 3790 instar
1323 3700 1499 3800 spinarum
1512 3709 1599 3801 Igne.
1648 3702 1812 3780 Verbum

657 3785 849 3876 Hebr.‚·in
872 3792 1107 3885 circumsistens
1123 3802 1280 3889 praeputr'i
1302 3801 1372 3872 teri
1388 3797 1549 3889 solitum,
1573 3802 1659 3875 licet
1673 3801 1717 3872 de
1729 3816 1815 3898 pra·

514 3911 517 3918 ·
659 3879 772 3972 ristona
787 3884 819 3956 n
835 3887 986 3979 exclfione
1005 3891 1112 3964 etiam
1133 3889 1342 3985 usurpetur,
1368 3897 1425 3969 vel
1440 3898 1596 3974 adhiberi
1610 3896 1729 3991 possit,
1755 3921 1815 3974 cu·

605 4057 610 4070 ,
654 3980 713 4084 ius
735 3993 853 4058 tamen
874 3984 1009 4063 nullum
1029 3987 1115 4062 mihi
1135 3988 1313 4086 inscript.
1327 3997 1483 4070 occurrit
1497 3998 1717 4092 exemplum,
1731 3997 1814 4073 loca

698 4215 720 4263 a
742 4193 817 4266 Vid.
843 4193 993 4265 Bochart.
1020 4199 1064 4270 H.
1084 4148 1122 4290 p.
1142 4223 1183 4278 ιι.
1197 4205 1232 4278 ’1,
1257 4224 1298 4279 iv
1320 4229 1350 4279 c.
1379 4228 1430 4279 ιο.
1720 4117 1817 4174 emm
