3984 5159
2371 135 2381 137 ,
2528 133 3033 187 ἡῄνσψ,

889 607 1093 686 ,η
1233 579 1434 660 Rs
1529 582 1600 660 A
1697 583 1763 661 L
1852 586 1964 664 M.
2068 591 2579 681 *cxvnzz
2681 551 2980 720 ,⁶125

632 800 836 874 quam
896 776 1149 869 Deus,
1235 800 1371 870 qua
1423 775 1752 870 Jehova,
1829 778 1908 853 vi
1979 783 2290 862 nominis
2348 791 2531 869 illius
2574 795 2732 892 sui,
2792 818 2968 896 prae·

631 875 763 950 stat
817 880 889 950 in
936 872 1274 969 promissis
1319 877 1555 972 gratiae
1606 875 2210 968 repraesentandis.
2319 886 2554 986 Quam
2600 900 2954 990 emphasin

626 973 843 1048 habet
873 996 1138 1047 nomen
1172 970 1437 1070 Jehova
1458 1021 1482 1062 ,
1512 985 1894 1067 propterea
1931 977 2246 1071 expresse
2274 1005 2768 1070 memoratum.
2844 997 2956 1075 Ex

625 1093 770 1163 quo
840 1070 1038 1143 fimul
1107 1070 1449 1144 elucescit
1476 1119 1501 1158 ‚
1594 1076 1945 1142 veritatem
2005 1074 2149 1147 Dei
2200 1078 2316 1152 hic
2374 1083 2459 1154 ad
2520 1097 2949 1170 veracitatem

627 1169 779 1258 ejus
847 1168 923 1240 in
966 1166 1156 1240 diffis
1237 1167 1304 1239 ὅτ
1356 1163 1693 1269 promiQs
1754 1165 2141 1245 efficiendis
2195 1178 2494 1254 omnino
2554 1189 2938 1276 pertinere.

535 1310 544 1319 -
622 1262 1028 1354 Respicitur
1085 1262 1449 1338 manifeste
1498 1264 1584 1335 ad
1629 1264 1954 1356 promissa
1983 1317 2009 1356 ‚
2078 1285 2285 1346 antea
2332 1275 2664 1354 Israelitis
2714 1284 2937 1382 fasta,

624 1360 715 1433 de
775 1366 1105 1433 vocatione
1166 1360 1479 1433 Gentium
1533 1358 1660 1434 sub
1706 1361 1950 1436 Meffia
1979 1365 2064 1436 ἀ
2107 1365 2501 1468 Euangelio
2535 1426 2558 1466 ‚
2636 1382 2939 1474 primum

623 1456 1028 1532 Abrahamo
1076 1459 1388 1531 revelata
1428 1478 1556 1551 per
1593 1473 1835 1534 notam
1875 1460 2066 1535 illam
2111 1464 2531 1561 formulam,
2582 1476 2654 1547 in
2688 1476 2800 1558 ,Te
2848 1481 2938 1566 ἃ

577 1547 850 1651 -fimin'e
892 1569 1001 1629 tuo
1048 1557 1408 1627 benedicent
1426 1553 1558 1646 fibi
1605 1554 1866 1631 Gentes.
1966 1557 2220 1634 Robur
2257 1564 2423 1641 huie
2479 1573 2937 1664 explicationi

594 1651 807 1739 'addit
838 1702 862 1739 ‚
943 1651 1134 1746 quod
1185 1651 1433 1724 Paulus
1479 1649 1700 1751 Rom.
1759 1675 1881 1728 xv:
1922 1657 2001 1743 8,
2056 1678 2121 1749 9.
2176 1659 2441 1740 adserat
2474 1714 2497 1751 ,
2580 1668 2935 1752 Christum

614 1749 878 1823 faCtum
937 1747 1137 1822 fuifl'e
1185 1745 1578 1822 ministrum
1621 1751 2166 1827 circumcisionis
2198 1804 2223 1844 ‚
2291 1762 2375 1831 ad
2401 1758 2809 1854 firmandum
2842 1769 2932 1855 &³

452 1893 457 1896 .
586 1845 1045 1943 spraeftandum
1091 1841 1395 1942 promzffa
1438 1842 1727 1934 Patrum
1755 1897 1780 1936 ‚
1846 1861 1921 1919 ut
1975 1848 2218 1924 Gentes
2238 1851 2445 1951 super
2492 1860 2930 1956 misericordia

586 1939 978 2039 'glorificent
1023 1940 1245 2014 Deum
1293 1943 1426 2017 διο.
1528 1939 1711 2017 Cum
1757 1946 2134 2021 vero,haec
2163 1952 2488 2043 promiffa
2515 1973 2717 2034 tanto
2748 1978 2929 2040 tem-

611 2061 791 2134 pore
832 2054 1042 2113 antea
1079 2035 1368 2112 fuissent
1409 2037 1636 2113 fasta:
1702 2040 1993 2116 nullum·
2032 2060 2311 2140 tempus
2372 2059 2729 2131 veracitati
2771 2060 2929 2144 Dei

609 2135 1062 2228 praescribere
1093 2186 1122 2225 ‚
1200 2135 1268 2208 δι
1322 2133 1559 2209 Deum
1612 2134 1810 2210 fimul
1866 2137 2154 2230 testari,
2203 2143 2272 2218 se
2322 2149 2620 2227 eandem
2665 2159 2925 2234 verita.

611 2244 763 2305 tem
803 2231 880 2304 in
924 2229 1279 2324 posterum
1323 2231 1398 2304 in
1438 2245 1779 2309 aeternum
1821 2235 2288 2328 praestiturum
2318 2245 2497 2334 effe,
2548 2252 2921 2329 manifeste

531 2394 538 2402 .
609 2325 965 2415 indicant,
1029 2328 1200 2420 ubi,
1245 2334 1597 2401 veritatem
1641 2325 1917 2426 Jehovae
1957 2338 2031 2405 in
2078 2349 2389 2412 aeternum
2427 2340 2582 2437 effi,
2650 2349 2922 2427 dicunt,

606 2421 790 2522 Quae
850 2423 1064 2499 altera
1133 2438 1283 2499 erat
1351 2421 1681 2518 aptiffima
1752 2424 1821 2499 &
1874 2427 1947 2502 di
1993 2428 2253 2507 niffima
2316 2439 2713 2520 laudationis
2769 2448 2916 2522 Dei

602 2522 957 2614 materiag.
1031 2542 1073 2595 a
1114 2542 1537 2617 quoeunque
1583 2519 1793 2631 facile
1837 2523 1924 2599 de
1975 2527 2285 2610 ucendae
2513 2613 2516 2615 ,

1724 2730 1726 2738 r

1761 4203 1838 4308 Q
1882 4224 1924 4303 3
2164 4328 2181 4343 l
2515 4198 2905 4305 ΡΒΛΒΜ.
