3984 5159
585 645 656 752 ,rt
767 610 1105 716 comm-e
1143 633 1181 711 n
1217 631 1255 710 u
1293 629 1394 718 aa
1431 620 1588 710 tus

469 819 473 825 ’
518 816 523 824 “
587 849 623 921 9.
658 815 720 920 nist
742 822 874 925 Jehuua
894 820 1036 914 refiduas
1054 825 1144 896 nobit
1157 815 1286 918 fecrffet
1300 824 1470 918 reliquias,
1497 825 1552 897 vel
1566 827 1742 916 tantillas,

580 923 672 1026 felii
684 921 830 1091 xegsemrrs·
845 936 882 993 ut
898 921 1052 1010 Sodoma,
1079 917 1203 1012 fimiles
1227 918 1432 992 Gomorrbae.
1737 931 1740 940 ⁴

637 1025 669 1110 §.
720 1021 771 1092 ll.·
797 1017 895 1090 Nihil
919 1016 997 1105 est,
1028 1017 1122 1108 quod
1143 1015 1225 1094 huic
1247 1015 1408 1108 opinioni
1430 1015 1560 1106 obstat,
1584 1017 1647 1092 nifi
1666 1017 1742 1094 hoc
1800 1047 1804 1058 “

585 1135 721 1203 unum,
745 1115 922 1188 Davidem
943 1136 1010 1206 pro
1029 1113 1157 1186 cantici
1183 1110 1325 1185 auctore
1351 1113 1386 1185 vi
1409 1112 1647 1208 inscriptionis
1667 1114 1741 1188 ess'e

587 1211 809 1298 habendum,
835 1211 869 1282 de
890 1211 1026 1284 nullum
1042 1213 1227 1304 prophetiae
1248 1229 1438 1282 occurrere
1453 1213 1657 1300 criterium,
1683 1211 1743 1287 sed

586 1309 639 1381 rei
653 1305 752 1379 sada
766 1329 807 1379 ac
824 1302 1312 1400 praeteritaecelebrationem.
1360 1304 1450 1404 Quae
1473 1306 1654 1383 difficultas
1668 1326 1744 1384 tan·

588 1408 618 1480 ti
639 1403 711 1477 visa
736 1402 788 1475 est
814 1405 955 1477 erudito
977 1402 1178 1478 admodum·
1191 1401 1382 1495 Interpreti
1401 1403 1562 1494 Patrick,
1600 1421 1642 1479 ut
1662 1426 1743 1484 eam

588 1501 923 1594 opinionemque
942 1499 978 1573 dc
1001 1499 1063 1594 ipsi
1089 1501 1126 1574 in
1149 1511 1497 1596 mentemvenerat,
1537 1501 1743 1596 seposuerit.
1803 1551 1806 1556 ·

588 1596 773 1672 Obhaesr&
789 1619 856 1694 ego
879 1597 1039 1685 adeam,
1064 1596 1208 1669 &varia
1224 1595 1309 1670 mihi
1326 1615 1579 1686 occurrerunt,
1607 1614 1648 1674 ut
1664 1622 1744 1678 eam
1845 1637 1863 1697 ‚-

589 1695 752 1769 emedio
775 1696 962 1782 tollerem,
988 1712 1141 1784 quorum
1163 1692 1233 1764 hoc
1255 1690 1364 1766 solum
1379 1697 1607 1784 memorabo,
1634 1695 1744 1772 Davi·
1866 1759 1875 1780 .

578 1791 694 1882 dem,
716 1813 842 1865 verum
858 1788 986 1871 cantici
1002 1785 1202 1876 auilorem,
1227 1786 1312 1862 illud
1329 1789 1365 1864 in
1379 1789 1480 1864 usum
1495 1790 1656 1865 Ecclefiae
1670 1794 1743 1890 seq.

533 1942 537 1947 .
592 1889 785 1984 temporis,
818 1887 959 1981 quando
981 1884 1039 1958 hic
1061 1885 1157 1960 casus
1178 1883 1380 1974 accideret,
1412 1887 1664 1982 composuisse3
1701 1879 1746 1969 ut
1847 1909 1860 1926 “

589 1999 680 2060 tunc
698 1997 894 2057 caneretur.
943 1979 1026 2053 Sive
1045 1983 1175 2076 Spiritu
1199 1981 1411 2076 prophetico
1425 1985 1645 2077 praeviderit,
1673 2011 1747 2082 quo

590 2097 755 2172 tempore
778 2078 836 2150 ille
858 2075 953 2152 casus
975 2077 1146 2168 exstaret,
1171 2077 1242 2152 five
1264 2079 1301 2154 in
1315 2099 1446 2175 genere
1460 2088 1748 2180 praecognoverit

590 2175 699 2249 limile
726 2172 839 2248 fatum
859 2173 1048 2268 aliquando
1069 2173 1138 2249 eise
1154 2191 1388 2252 eventurum:
1414 2179 1509 2271 quod
1523 2179 1581 2253 hic
1596 2183 1747 2276 perinde

590 2269 654 2345 est.
705 2269 824 2346 Posuit
843 2272 962 2366 itaque
983 2270 1044 2345 fibi
1062 2271 1270 2372 singularem
1285 2271 1448 2346 Ecclefiae
1465 2274 1581 2352 casum
1598 2280 1645 2353 ob
1661 2302 1748 2356 ocu·

590 2369 667 2456 los,
690 2372 761 2462 quo
781 2367 824 2442 ad
847 2369 970 2445 incitas
992 2391 1057 2463 per
1076 2365 1382 2446 truculentissimas
1404 2370 1547 2464 hostes,
1572 2379 1771 2470 populum

591 2465 665 2541 Dei
679 2465 907 2556 invadentes,
939 2465 1096 2557 redaiia,
1131 2481 1171 2541 ut
1196 2489 1216 2540 a
1241 2467 1340 2539 totali
1362 2467 1461 2542 ruina
1485 2491 1531 2544 ne
1559 2473 1748 2572 vestigium

591 2563 692 2658 pedis
720 2562 796 2637 iere
823 2561 973 2654 abesset,
1016 2564 1264 2639 miraculosae
1285 2562 1367 2636 Deo
1388 2566 1596 2660 eriperetur.
1649 2571 1776 2648 Huic*
1871 2595 1874 2600 ’

592 2658 705 2746 casui,
730 2683 836 2753 quem
850 2661 967 2756 aliquo
982 2676 1145 2756 tempore
1160 2659 1319 2736 futurum
1336 2660 1493 2754 prescire
1509 2667 1645 2758 potuit,
1663 2690 1748 2744 can·

593 2757 705 2829 ticum
720 2759 1021 2846 accommodavit,
1049 2772 1089 2832 ut
1102 2758 1247 2832 haberet
1263 2755 1437 2845 Ecclesia,
1466 2763 1590 2856 quibus
1605 2763 1747 2862 verbis,

594 2851 719 2942 &quo
740 2853 869 2942 modo,
895 2853 1015 2926 laudes
1036 2852 1118 2929 Deo
1139 2856 1327 2928 accineret.
1378 2857 1446 2929 Sed
1460 2859 1602 2936 tandem
1623 2884 1669 2938 co
1686 2865 1747 2940 de-

592 2947 706 3040 lapsus
728 2943 826 3038 sum,
852 2964 893 3022 ut
914 2951 1122 3027 alterutrum
1145 2949 1304 3026 censeam
1325 2949 1565 3046 statuendum,
1591 2960 1649 3032 vel
1664 2984 1747 3039 can·

595 3046 706 3122 ticum
732 3065 806 3117 non
827 3045 898 3116 else
919 3047 1088 3138 Davidis,
1114 3052 1258 3124 nomine
1283 3050 1356 3140 eius
1379 3071 1422 3122 ex
1438 3050 1618 3146 superiore
1634 3081 1746 3154 exart.

530 3235 533 3240 Ι
594 3143 686 3220 male
714 3141 891 3236 repetito,
917 3143 953 3216 de
983 3142 1101 3217 codici
1127 3144 1369 3220 Masorethico
1398 3146 1551 3240 inserto,
1574 3154 1616 3227 ad
1638 3179 1747 3248 quem

594 3238 717 3314 Chald.
729 3237 913 3328 verfio,ut
927 3241 966 3312 in
979 3239 1052 3324 aliis
1068 3238 1277 3332 cafibus,est
1291 3240 1533 3335 conformata3
1548 3251 1670 3344 utiquc
1680 3247 1750 3331 Gr,

381 3412 384 3419 Ι
462 3366 465 3371 -
595 3338 632 3414 &
652 3336 728 3432 Syr.
750 3357 885 3412 nomen
907 3336 1053 3411 Davidis
1073 3337 1260 3435 ignorant,
1285 3345 1513 3434 argumento,
1539 3346 1574 3418 in
1589 3347 1743 3442 ipsorum

595 3437 775 3510 codicibus
797 3455 872 3508 non
893 3432 1059 3510 adfuisse:
1090 3436 1170 3523 vel,
1196 3437 1370 3511 canticum
1391 3438 1435 3512 ad
1456 3461 1614 3520 normam
1638 3448 1745 3525 alicu.

594 3533 650 3622 jus
664 3533 791 3608 cantici
808 3531 953 3606 Davidie
968 3533 1038 3607 eise
1051 3535 1095 3610 ab
1111 3534 1228 3628 aliquo
1242 3547 1386 3630 autore,
1412 3551 1574 3631 tempore
1591 3543 1743 3638 Hiskiae,

597 3631 870 3718 concinnatum,
895 3630 931 3703 u
953 3631 1115 3724 praesenti
1135 3632 1287 3726 tempori
1303 3633 1610 3712 adcommodatum
1620 3663 1640 3724 ς,
1657 3639 1746 3720 ucat
1812 3721 1816 3728 ,

595 3719 731 3795 Hiskias
761 3725 879 3808 Deum
907 3721 1014 3827 derlir
1043 3725 1193 3802 Davidis
1221 3727 1368 3802 laudasse
1389 3729 1537 3828 legitur,
1577 3735 1743 3819 aChron.

596 3837 695 3890 ιω.
744 3817 825 3891 Nec
839 3819 964 3894 desunt
976 3821 1096 3898 finilia
1110 3824 1271 3923 exempla
1283 3825 1320 3904 in
1332 3827 1422 3903 libro
1438 3829 1669 3914 Psalmorum:
1689 3840 1745 3914 uti
1810 3877 1815 3884 ·

572 3915 641 3992 'ad
654 3911 705 3989 Ps.
719 3933 794 3990 atr.
823 3916 1020 3996 observavi.

1370 4186 1741 4335 tarmonem,
1865 4171 1876 4182 ⁸
