3984 5159
1315 590 1511 684 -176
1711 535 3339 662 COMMENTARIUS

1352 769 1678 848 neralem
1726 767 1931 861 ponit
1973 765 2239 856 thesin,
2288 766 2373 839 ad
2410 750 2696 858 juvenis
2740 765 2963 840 vitam
3009 787 3253 859 puram
3289 768 3358 841 δι
3384 764 3674 843 nitidam

1368 865 1760 940 faciendam
1790 865 2310 959 pertinentem,
2354 884 2650 954 eamque
2688 861 2852 936 dein
2886 865 2972 936 ad
3002 865 3069 936 se
3100 863 3460 939 transfert.
3514 863 3670 937 The·

1354 961 1492 1058 fis,
1542 986 1671 1059 per
1714 961 2010 1037 modum
2050 961 2623 1057 interrogationis
2669 960 2739 1033 ἃ.
2780 958 3245 1055 responsionis
3272 960 3671 1056 proposita,

1366 1061 1474 1134 his
1520 1061 1757 1142 verbis
1807 1058 2222 1152 profertur,
2273 1055 2554 1150 vers-9.
2605 1055 2691 1129 In
2725 1082 2843 1153 quo
2869 1071 3110 1153 puram
3138 1057 3224 1142 &⁹
3263 1063 3540 1132 nitidam
3552 1056 3671 1151 fa·

1361 1165 1491 1231 ciet
1537 1154 1891 1249 adolescens
1935 1160 2117 1228 viam
2196 1158 2402 1227 uam?
2450 1153 2835 1249 observando
2877 1177 3014 1228 eam
3024 1154 3382 1251 ficundum
3409 1160 3675 1230 verbum

1370 1269 1601 1326 tuum:
1651 1253 1746 1326 fic
1805 1252 1993 1327 enim
2046 1272 2121 1325 re
2199 1254 2299 1326 ‘us
2342 1252 2720 1346 capiuntur
2765 1254 2835 1327 ἃ.
2878 1267 3256 1328 vertuntur
3285 1255 3546 1341 verba,
3590 1268 3672 1328 ut

1372 1347 1833 1443 quaestionem
1880 1348 1947 1422 δι
1991 1348 2393 1443 responsum
2458 1348 3064 1443 comprehendant
3093 1400 3118 1439 ‚
3185 1373 3393 1444 quam
3437 1349 3677 1424 secun·

1370 1446 1542 1521 dum
1571 1447 1945 1522 nonnullos
1967 1445 2192 1521 solum
2223 1447 2743 1544 interrogatum
2763 1461 3167 1535 ‚vertentes
3198 1470 3344 1522 uno
3378 1462 3631 1521 tenore
3650 1496 3675 1536 ,

1368 1549 1444 1616 in
1482 1552 1602 1640 'quo
1641 1560 1879 1641 puram
1925 1545 2138 1618 reddet
2174 1544 2526 1640 adolescens
2558 1550 2741 1617 viam
2752 1541 2950 1639 suam
2987 1547 3071 1617 ad
3100 1542 3563 1640 olffervandum
3571 1542 3676 1640 se

1366 1645 1650 1715 cundum
1726 1646 1991 1715 verbum
2072 1644 2314 1716 tuum?
2401 1663 2583 1719 ‚cum
2649 1642 2839 1734 quod
2896 1643 2969 1715 in
3030 1641 3362 1717 similibus
3403 1640 3668 1717 casibus

1369 1755 1786 1834 utrumque,
1838 1737 2200 1833 quaefitum
2266 1737 2333 1812 &
2372 1736 2823 1832 responsum,
2892 1741 3194 1833 exprimi
3241 1737 3463 1817 soleat
3491 1789 3519 1828 ,
3561 1740 3668 1814 uti

1366 1837 1734 1912 habuimus
1763 1837 1866 1911 Ps.
1897 1858 2018 1923 xv,
2050 1855 2248 1927 xxiv,
2281 1858 2441 1911 xxv:
2483 1857 2591 1910 12.
2622 1856 2835 1912 xxxv:
2872 1858 2986 1926 12,
3027 1858 3136 1929 13.
3173 1838 3242 1911 δι
3269 1837 3471 1925 alibi,
3537 1859 3674 1912 nec

1363 1933 1770 2031 responsum
1803 1931 2181 2008 commode
2214 1934 2439 2006 abess'e
2470 1947 2723 2027 queat,
2769 1946 2925 2008 tum
2954 1934 3186 2027 quod,
3233 1939 3414 2006 viam
3436 1949 3678 2029 puram

1351 2030 1586 2123 facere
1628 2035 1714 2104 ad
1750 2028 2217 2126 observandum
2263 2035 2570 2119 verbum,
2634 2031 2906 2106 sensum
2957 2053 3104 2104 non
3136 2030 3389 2105 fundat
3418 2032 3675 2105 tolera-

1360 2130 1625 2220 bilem,
1678 2129 1837 2222 quia
1877 2148 2053 2219 pura
2099 2123 2181 2199 fit
2222 2126 2338 2200 via
2378 2149 2505 2220 per
2530 2126 3101 2203 observationem
3132 2129 3333 2204 verbi
3364 2127 3506 2200 Dei
3533 2172 3554 2205 2
3601 2130 3673 2205 δε

1365 2244 1518 2319 non
1577 2223 1661 2295 ad
1704 2245 1881 2298 eam.
1983 2221 2386 2322 Vulgatiori
2424 2225 2657 2319 itaque
2703 2224 3153 2300 infistendum
3189 2224 3294 2298 est
3323 2226 3673 2320 interpre-

1366 2320 1660 2408 tationi,
1738 2320 1804 2395 &
1856 2319 2201 2416 posterius
2241 2324 2639 2396 membrum
2683 2345 2816 2417 pro
2861 2322 3196 2416 responlo
3240 2323 3671 2400 habendum.

1359 2416 1543 2517 Quae
1571 2420 1908 2494 orationis
1943 2418 2177 2495 forma
2203 2419 2564 2517 eleganter
2593 2419 2658 2493 δι
2690 2420 3089 2512 emphatice
3122 2421 3432 2494 inculcat
3458 2470 3483 2510 ,
3513 2422 3673 2495 uni·

1356 2537 1513 2591 cam
1557 2515 1622 2589 ἀ
1654 2533 1922 2593 certam
1958 2518 2121 2592 vitae
2149 2517 2613 2592 adolescentis
2646 2513 3018 2592 reddendae
3047 2517 3285 2595 nitidae
3315 2519 3672 2596 rationem

1350 2613 1495 2686 ess'e
1550 2617 1625 2688 in
1668 2637 1753 2688 ea
1795 2617 1880 2689 ad
1918 2617 2368 2713 'voluntatem
2415 2614 2555 2687 Dei
2602 2613 2987 2688 revelatam
3016 2630 3343 2690 accurate
3378 2613 3669 2706 confot-

1353 2713 1630 2784 manda.
1756 2712 2033 2787 Norma
2082 2714 2377 2787 vivendi
2423 2714 2692 2786 verbum
2736 2710 2875 2783 Dei
2918 2711 3343 2805 adpellatur,
3424 2726 3671 2806 quate-

1358 2827 1494 2876 nus
1523 2807 1759 2879 omnia
1785 2809 2328 2902 comprehendit
2346 2860 2370 2898 ,
2421 2831 2573 2900 quae
2603 2832 2642 2881 a
2672 2809 2879 2896 Deo,
2928 2806 3074 2881 five
3103 2809 3487 2884 inmediate
3518 2809 3665 2885 five

1355 2900 1664 2976 mediate
1714 2925 1840 2996 per
1883 2902 2185 2995 Mosen,
2239 2921 2411 2980 tunc
2467 2903 2762 2980 fuerunt
2812 2904 3140 2978 Ecclefiae
3180 2904 3544 2981 notificata
3588 2907 3664 2983 δε

1356 2997 1779 3093 praescripta.
1881 2997 2224 3097 Juvenis,
2287 3001 2408 3075 seu
2448 3002 2890 3089 adolescenS,
2941 3003 3397 3101 intelligitur,
3436 3005 3667 3082 nomi·
3773 3084 3789 3091 ,

1351 3119 1448 3173 ne
1485 3125 1584 3188 πω
1617 3120 1762 3172 non
1790 3095 2005 3172 status
2037 3114 2161 3173 aut
2191 3096 2401 3173 officii
2432 3098 2910 3188 servilis,cum
2938 3099 3252 3176 absolute
3283 3117 3661 3193 occurrat,

1351 3195 1470 3270 sed
1535 3196 1754 3272 aetatis
1811 3191 2310 3291 fignificatum‚
2361 3213 2443 3271 ut
2486 3194 2716 3291 paffim
2758 3197 2961 3287 alias,
3011 3198 3485 3289 praeferente,
3534 3199 3654 3273 sed

1349 3294 1608 3369 latiore
1655 3289 1895 3381 sensu,
1963 3314 2124 3369 cum
2167 3299 2286 3367 via
2331 3292 2452 3389 ipfi
2486 3291 2949 3381 adscribatur,
2999 3294 3064 3368 ἃ
3092 3298 3176 3370 ab
3208 3296 3357 3391 ipso
3386 3297 3649 3390 puritas

1349 3394 1516 3466 vitae
1559 3389 1946 3487 praestanda
1990 3391 2327 3488 exigatur.
2430 3390 2941 3483 Puritas,nitida
2973 3390 3444 3488 &splendens,
3497 3415 3647 3488 quae

1353 3511 1524 3562 vera
1567 3487 1669 3563 est
1713 3490 1915 3562 verbi
1964 3516 2069 3565 mr
2111 3485 2563 3586 significatio,
2615 3501 2694 3560 ut
2738 3488 2899 3560 alibi
2942 3505 2981 3549 a
3032 3488 3319 3578 notaui,
3373 3496 3503 3562 viae
3547 3488 3651 3565 est

1353 3580 1573 3658 totius
1613 3588 1781 3661 vitae
1827 3586 1894 3658 δι
1929 3586 2488 3662 conversationis
2520 3583 2831 3660 sanfilitas
2859 3585 2923 3657 δι
2953 3589 3236 3661 vibrans
3263 3587 3648 3681 pulchritu-

1355 3681 1450 3754 do
1481 3729 1504 3766 ,
1553 3681 1624 3754 in
1657 3685 1853 3758 omni
1889 3685 2150 3778 pietate
2198 3685 2267 3757 δι
2295 3686 2564 3759 virtute
2591 3681 2733 3755 sese
2763 3680 3129 3772 exserens,
3180 3685 3651 3781 &imaginem

1351 3776 1495 3856 Dei
1530 3777 1945 3871 praeferens,
2001 3803 2155 3876 quae
2201 3779 2367 3854 Deo
2408 3794 2640 3876 grata,
2679 3780 2749 3852 δε
2798 3780 3244 3855 conscientiae
3282 3781 3650 3856 hominum

1352 3874 1773 3966 adprobata,
1821 3878 1998 3950 illius
2056 3877 2424 3966 favorem,
2490 3879 2559 3953 &
2593 3878 2864 3955 *horum
2904 3878 3195 3968 laudes,
3273 3878 3641 3966 eonciliat;

1345 3971 1675 4064 adeoque
1704 3970 2220 4074 adolescentem
2249 3973 2479 4051 reddit
2506 3976 2871 4052 amabilem
2893 4026 2918 4067 ‚
2939 3974 3007 4050 ἀ
3037 3998 3206 4051 vere
3226 3975 3597 4073 pulchrum
3616 4024 3644 4063 ,

3421 4091 3642 4166 OPPO-

1413 4205 1459 4256 ιι
1503 4182 1603 4254 Ad
1649 4180 1745 4251 Ps.
1797 4198 1890 4247 Li:
1943 4201 2003 4267 7.
