3984 5159
510 621 575 682 ,υ
616 593 676 673 'a
722 559 831 676 sn'
877 593 911 676 1.
958 595 1016 676 n.
1053 684 1055 694 ,
1092 604 1366 715 eximas.
1439 586 1513 738 ,05
1604 613 1612 620 ’

348 797 375 868 e'
399 781 526 866 donna
551 789 709 865 animum
729 783 861 875 sumas,
901 785 939 860 da
962 783 1082 897 Deum
1106 793 1333 881 liberatorem
1358 802 1512 891 fidenter
1617 893 1621 901 ,

349 887 544 983 exspertes:
570 886 764 982 ipsecnim
784 884 874 959 licut
892 880 1008 996 studio
1024 888 1270 974 benefaciendi
1290 901 1429 1002 flagrat,
1458 912 1508 986 ita

348 985 453 1060 facile
476 988 627 1063 liberare
646 981 784 1080 potest,
810 1001 893 1053 cum
912 982 1008 1054 mille
1023 981 1089 1059 ssot
1103 988 1165 1080 ipsi
1179 997 1275 1068 modi
1292 1022 1356 1074 nos
1372 1002 1424 1078 his
1438 1031 1509 1083 ma.

281 1122 283 1124 v
346 1082 389 1158 lis
409 1082 637 1173 extrahendi,
666 1083 741 1157 imo
763 1074 921 1153 confidas
945 1099 993 1189 eo
1006 1081 1166 1196 plenius,
1193 1095 1289 1183 quod
1304 1096 1374 1191 ipse
1391 1102 1431 1176 fit
1448 1105 1510 1180 ille

345 1177 474 1269 Deus,
493 1183 552 1273 qui
577 1181 740 1254 lsraelem
760 1175 848 1251 sicut
870 1176 914 1248 ab
935 1175 989 1253 lns
1005 1198 1182 1271 peccatis,
1209 1209 1287 1282 quae
1303 1207 1399 1269 tanta
1414 1203 1507 1279 mala

335 1279 452 1354 nobis
467 1293 706 1369 pepereruut,
730 1275 781 1347 ita
799 1271 864 1346 suo
878 1287 1042 1366 tempore
1058 1280 1101 1352 ab
1116 1287 1261 1356 amnibus
1275 1292 1506 1386 iniquitatibus

344 1373 570 1448 redemturus
585 1371 647 1447 est.
679 1371 801 1444 Verba
812 1368 892 1445 sunt
905 1369 1162 1482 ipsiuspoetae,
1187 1379 1220 1454 ds
1238 1382 1282 1456 ad
1298 1388 1504 1472 universum
1572 1433 1576 1438 ·

344 1469 546 1564 populum,
578 1467 638 1540 sed
656 1467 829 1560 inprimis
851 1468 927 1558 pios
948 1465 1119 1545 Der-veri
1139 1478 1316 1574 cultores,
1349 1485 1505 1585 dirigun-

315 1571 321 1591 '
344 1578 417 1641 tur.
482 1565 572 1638 Sunt
592 1563 652 1658 qui
681 1562 758 1635 haec
777 1561 886 1636 verba
910 1583 931 1634 a
953 1563 1240 1662 choro-quodam
1263 1598 1328 1670 per
1354 1587 1513 1665 modum

344 1668 535 1833 daroma
550 1661 593 1736 ad
608 1657 1044 1831 ipsprpseplklamrpenrgplpiaarpi,
1065 1687 1142 1836 ηεξ
1158 1669 1374 1838 superiorem
1388 1682 1501 1762 edidit

339 1778 691 1945 scefffvollslsirrsls'sed
720 1873 751 1925 1.
776 1779 828 1927 eg
843 1851 1007 1962 perversa
1027 1809 1106 1970 illos
1123 1789 1501 1967 copppppcppppigepe

335 1948 496 2046 subjedto
514 1953 552 2027 da
572 1968 738 2046 tempore
759 1962 909 2039 cannen
934 1950 1001 2026 acsi
1022 1975 1137 2032 anama
1151 1957 1250 2038 sensu
1264 1985 1495 2062 peccatorum

332 2047 492 2137 additia,
526 2047 562 2123 dc
588 2045 870 2123 consolationem
890 2047 1078 2143 anhelans,
1103 2055 1162 2130 hic
1182 2060 1495 2163 introduceretur,

337 2165 444 2240 qoam
478 2145 557 2219 haec
589 2145 699 2218 verba
727 2143 1024 2236 consolarentur,
1064 2151 1162 2245 quod
1191 2161 1292 2254 supra
1322 2165 1493 2245 refutavi.
1621 2174 1652 2264 ᾗ

338 2261 375 2318 a.
405 2241 532 2339 longe
553 2237 689 2327 facilius
709 2240 744 2314 da
763 2241 877 2336 aptius
901 2239 1090 2337 statuitur,
1132 2255 1315 2345 personam
1337 2265 1494 2346 eundem
1528 2273 1530 2278 ’

337 2339 516 2425 animum,
533 2359 647 2436 'quem
666 2336 737 2435 ipse
762 2336 930 2434 spirabat,
954 2341 1022 2415 toti
1042 2348 1175 2438 populo
1197 2351 1363 2448 inspirare
1384 2363 1490 2439 velle.
1641 2389 1642 2392 ‘

169 2518 174 2526 ι
292 2423 312 2484 -‘
337 2453 372 2528 3.
389 2432 502 2508 Valde
522 2433 748 2529 incommode
771 2456 906 2511 nomen
928 2432 1065 2511 israelis
1078 2441 1112 2512 ei
1125 2459 1284 2538 optatura
1306 2472 1388 2527 cum
1401 2457 1490 2534 illud

330 2549 400 2607 nos
419 2531 461 2604 ad
481 2532 654 2628 populum
670 2533 853 2631 ingemere
869 2533 986 2608 ducat.
1035 2555 1072 2625 4.
1091 2536 1255 2636 Denique
1272 2547 1420 2640 persona
1435 2553 1488 2629 lo.

354 2648 445 2704 uens
458 2631 495 2704 in
510 2631 580 2703 boc
594 2630 732 2706 cantico
748 2631 851 2726 plena
863 2646 939 2705 erat
956 2627 1113 2725 fiduciae,
1132 2635 1484 2742 decreuissent,

327 2649 365 2800 ἓ
389 2725 589 2821 exspettare
610 2725 798 2841 Jebooam3
822 2726 983 2822 adeoque
1000 2729 1116 2808 minus
1131 2734 1226 2812 rene
1240 2738 1283 2814 ad
1298 2762 1383 2820 eum
1396 2767 1485 2841 pra·

332 2818 529 2898 stolandum
545 2840 770 2901 excitaretur.
908 2853 913 2864 ·
1127 2897 1132 2904 .

341 2957 347 2968 .
379 2922 411 3010 5.
428 2919 522 2995 XXI.
545 2920 668 2997 Verba
681 2922 872 2999 continent
893 2923 1119 3028 mollicium,
1143 2931 1187 3008 ad
1203 2938 1299 3030 quod
1313 2938 1481 3026 lsraelem

327 3013 535 3092 adhortatur
555 3036 687 3113 poeta,
719 3021 944 3098 arationem
959 3027 1193 3122 moventem,
1218 3032 1277 3110 seu
1291 3033 1479 3117 fiducie&

323 3112 591 3208 exspettaoonis
624 3115 906 3196 fundamentum.
937 3216 939 3218 Ι
977 3143 1005 3196 s.
1022 3205 1025 3212 ,
1040 3123 1254 3206 Adhortatio
1281 3156 1349 3228 pro
1378 3159 1479 3234 argu·

267 3215 277 3229 ‘
320 3228 448 3287 mento
477 3213 586 3287 babet
615 3221 793 3310 patientem
823 3214 1082 3314 easpsstatiansm
1112 3221 1272 3322 Jelova3
1318 3239 1477 3308 tenaciter

321 3301 488 3404 Jebaoam
499 3308 703 3405 pressam,
728 3311 879 3389 olsraet.
903 3315 949 3391 sc.
962 3315 1137 3410 Jehovarn
1155 3322 1274 3402 Deum
1288 3347 1476 3424 veracem,

324 3405 384 3496 qui
400 3405 497 3480 dittis
519 3406 656 3499 semper
669 3406 775 3483 fidem
792 3409 948 3504 prestat,
973 3412 1095 3490 Deum
1111 3417 1299 3517 benignum
1318 3423 1477 3520 &saua-

167 3538 173 3562 .
324 3511 424 3575 tarem
437 3525 479 3577 ac
497 3507 729 3579 liberatorem..
749 3505 940 3599 Ceterum,
966 3517 1049 3584 cuin
1066 3525 1109 3584 ex
1123 3513 1222 3609 supra
1238 3517 1336 3596 ditos
1353 3526 1476 3609 omnia

322 3595 384 3670 bic
404 3597 469 3675 ssot
491 3599 625 3687 facilia,
651 3602 735 3677 illud
757 3618 892 3679 tantum
912 3603 1132 3701 observabo,
1157 3634 1230 3688 non
1246 3614 1318 3692 fine
1333 3624 1471 3708 ratione

322 3713 458 3771 nomen
473 3695 607 3772 israelis
620 3700 863 3778 hicadhiberi:
889 3701 1020 3798 quippe
1034 3707 1130 3798 quod
1143 3729 1190 3784 eo
1206 3713 1337 3806 tendit,
1353 3735 1393 3796 ut
1407 3747 1470 3820 po·
1490 3810 1494 3820 ¹
1555 3803 1566 3815 ,

284 3789 300 3842 ’·
323 3794 492 3887 polemi
506 3799 801 3874 aminterninae
815 3800 858 3874 ad
871 3802 1066 3894 patientem
1079 3803 1283 3888 &tenacem
1298 3817 1471 3909 praestola·
1583 3903 1592 3912 ,

323 3886 462 3966 tionem
479 3891 549 3966 esse
569 3894 972 3994 obligatum-crederet.
1000 3898 1154 3999 Jacobus
1166 3908 1261 3988 enlm
1274 3911 1344 3990 hoc
1358 3923 1472 3996 nomi·

322 4003 369 4058 ne
390 3988 460 4063 fuit
484 3987 684 4088 insignitus,
718 4013 800 4071 cum
815 3997 956 4071 lassatas
972 3997 1091 4076 fuisset
1104 4023 1184 4081 cum
1201 4006 1281 4083 Deo
1294 4011 1472 4112 ,suaque
1574 4096 1576 4101 ,

271 4087 276 4092 ’
322 4077 407 4160 uses
429 4107 473 4164 ac
493 4085 568 4186 spei
588 4089 903 4271 luculentillimunp3
918 4094 1283 4206 dedissetspecimem
1313 4131 1471 4288 necpon

911 4211 1008 4294 ee3
1404 4229 1476 4294 sap
