3984 5159
342 515 346 524 ’
423 595 499 686 μ,
569 555 936 650 rsa'tnt
1009 569 1196 649 cxtvt.
1292 579 1365 673 761

212 764 406 848 Pselmum3
431 757 527 853 quod
541 756 651 832 Tillio
665 777 805 850 quoque
826 756 953 850 placet.
994 755 1083 845 Sed,
1105 772 1362 850 praeterquam,

240 864 311 938 uod
333 857 514 949 inscriptio
536 854 658 928 Graeca
675 855 717 927 fit
730 854 836 928 dubia
851 857 885 930 &
899 856 1055 940 incerta,
1081 876 1184 946 quarn
1197 854 1364 946 antiquis·

211 889 287 1037 Emi
313 959 540 1054 ignorarunt,
577 969 619 1024 ut
643 938 846 1026 observavit
866 953 918 1024 (ΣΙ.
943 949 1135 1049 Weiseling
1155 973 1196 1038 a,
1222 950 1363 1024 criteria

212 1056 350 1144 omnia,
371 1051 479 1126 modo
502 1047 698 1150 producta,-
714 1049 750 1122 in
774 1048 858 1122 illud
874 1065 1013 1142 tempus
1027 1069 1101 1122 non
1115 1053 1163 1122 ita
1177 1049 1364 1144 quadrant3

212 1158 335 1247 utique
357 1171 429 1224 non
447 1164 618 1243 quartum:
642 1161 686 1218 ut
701 1143 803 1218 facile
822 1163 931 1239 patet
1018 1201 1024 1215 1
1264 1141 1270 1152 ’

118 1241 123 1288 ²
264 1258 294 1343 §t
310 1247 378 1322 tv.
405 1245 524 1340 Scupos
548 1241 596 1317 Ps.
620 1242 692 1330 est,
719 1243 812 1316 unde
835 1244 879 1314 de
904 1241 962 1338 usu
984 1244 1088 1319 facile
1111 1242 1268 1334 constat,
1298 1266 1350 1340 po

118 1343 120 1388 ³
213 1353 337 1448 pulum
355 1345 541 1418 liberatum
559 1343 713 1414 excitare
728 1336 772 1411 ad
786 1338 889 1427 Deo,
914 1363 1004 1414 vero
1018 1344 1223 1433 liberatori,
1249 1356 1364 1438 grates
1399 1347 1403 1357 '

118 1443 119 1490 *
214 1433 1042 1619 “tetittaasattittttttidatte‘t
1056 1438 1368 1608 '’iinmdiiffliff

118 1645 119 1686 ³
216 1570 343 1726 zuein,
358 1656 399 1710 ac
414 1631 528 1708 studio
547 1631 628 1706 Deo
643 1629 823 1724 placendi,
839 1628 933 1702 fitam
944 1557 1129 1724 z’denigue
1139 1559 1368 1725 spem'pdlpuli
1452 1635 1456 1642 '

118 1739 120 1808 ἶ
218 1739 452 1815 corroborare
479 1729 523 1801 de
550 1750 661 1824 regno
679 1726 847 1819 Jehovae,
872 1746 968 1800 nunc
982 1726 1124 1813 eredo,
1146 1727 1315 1802 duraturo
1329 1730 1368 1803 in

118 1843 119 1848 ’
218 1848 446 1935 perpetuum.
504 1824 594 1924 Quae
621 1847 665 1898 ex
687 1826 762 1916 ipso
785 1823 835 1897 Ps
859 1822 963 1896 facile
985 1825 1202 1898 elucescunt.
1257 1823 1369 1923 Quod

119 1993 125 1999 -
220 1955 310 2010 vero
321 1929 369 2002 ad
379 1924 580 2017 flruduram
597 1927 670 2012 ejus
684 1921 839 2006 adtinet,
863 1919 1088 2014 conspectum
1103 1923 1210 1994 habet
1225 1922 1373 1994 concio*

118 2041 119 2048 ’
220 2033 276 2112 nis
303 2023 471 2120 publicar,
495 2019 537 2092 ad
560 2019 730 2112 populum
758 2019 881 2090 avito
896 2019 1055 2111 principe
1073 2019 1223 2092 habitae:
1255 2018 1371 2092 sermo

219 2127 320 2204 enim
343 2115 603 2192 dehortatorius
620 2116 654 2187 dr
669 2114 926 2188 adhortatorius
940 2117 984 2187 ad
1000 2115 1173 2188 'sfionitas
1187 2115 1349 2212 dirigitur
1357 2150 1375 2206 ,-

223 2225 259 2300 dr
282 2218 515 2295 concionator
537 2213 635 2286 finum
654 2214 856 2303 exemplum
864 2210 945 2303 ipsis
960 2214 1132 2304 proponit
1145 2213 1374 2302 imitandum,

225 2321 317 2398 vers.
341 2338 374 2388 e.
402 2325 646 2408 argumento,
683 2307 795 2400 ipsum
818 2306 918 2380 fuisse
945 2311 1121 2402 publicam
1145 2310 1373 2407 &insignem

224 2413 430 2516 personam3
462 2408 561 2498 cujus
582 2405 784 2498 enempium
807 2426 931 2500 magna
950 2407 986 2478 vi
1012 2407 1180 2479 movendi
1202 2410 1373 2500 pollebat.

224 2515 344 2615 Quare
365 2508 408 2580 de
426 2505 499 2600 ipso
516 2503 662 2592 Simone,
688 2498 905 2594 pontifice&
922 2503 1135 2592 ethnarcha‚
1167 2503 1262 2577 redte
1281 2505 1377 2602 cogi-

227 2631 358 2690 tamus:
385 2626 491 2700 quem
507 2601 613 2675 etiam
629 2600 678 2672 ΡΙ.
695 2619 823 2674 cnvrtt
842 2596 909 2672 sisti
921 2599 1152 2692 loquentem,
1173 2600 1374 2675 observavi·

226 2731 305 2788 ntus
326 2701 471 2778 adeum
494 2699 544 2772 Ps.
570 2697 636 2769 Cui
657 2712 738 2789 apte
759 2696 932 2769 convenit
951 2696 1152 2770 dehortatio
1167 2695 1376 2772 asiduciain

225 2806 450 2906 principiorum
473 2816 630 2888 quorum
655 2793 726 2886 ipse
746 2795 877 2885 primus
900 2807 985 2866 erat.
1044 2793 1160 2888 stytur
1182 2795 1305 2888 planus
1325 2791 1377 2868 est

231 2899 399 2980 &facilia
453 2890 572 2964 Partes
587 2888 636 2962 Ps.
653 2888 733 2962 sunt
748 2889 942 2981 sequentes.
994 2889 1021 2964 s.
1048 2887 1165 2963 Prima
1184 2891 1235 2964 est
1251 2893 1397 2968 aditor-²

231 2999 320 3076 tatio
337 2994 380 3068 ed
389 2991 509 3064 Deum
524 2987 755 3072 laudandum,
772 2987 815 3058 ad
830 2987 1002 3079 populum
1016 2988 1050 3062 dr
1064 2985 1098 3060 se
1114 2987 1264 3079 directa,
1279 2988 1377 3064 vers.

234 3121 267 3176 1.
311 3087 537 3173 ll.Secundo,
566 3081 733 3178 propostti
756 3081 808 3158 sui
829 3084 873 3155 de
894 3084 965 3159 hoc
991 3083 1156 3159 faciendo
1179 3084 1381 3161 testificatio

234 3187 520 3280 inexemplum,
545 3204 565 3256 a
586 3181 720 3273 populo
744 3179 973 3269 imitandum,
999 3181 1091 3257 vers.
1106 3204 1141 3257 a.
1181 3183 1241 3257 ΙΙΙ.
1268 3183 1383 3257 Tertia

236 3289 290 3368 est
312 3281 514 3360 dehortatio
536 3274 745 3358 afiduciain
763 3279 999 3373 principibus,
1024 3294 1064 3352 ut
1073 3278 1160 3381 Deo
1175 3279 1235 3352 soii
1252 3303 1294 3354 ea
1309 3284 1385 3355 laus

240 3385 463 3469 vindicetur,
501 3374 636 3450 firmata
667 3397 712 3448 ex
737 3377 934 3468 principum
964 3376 1142 3465 vanitate,
1177 3376 1266 3450 vers.
1291 3404 1326 3471 3,
1347 3401 1383 3468 4.

239 3484 306 3564 lV.
333 3478 465 3578 Quarta
489 3475 600 3548 varias
625 3472 778 3547 rationes
797 3487 985 3548 moventes
1005 3472 1151 3547 exhibet
1171 3474 1213 3545 ad
1229 3475 1311 3549 Deo
1324 3475 1388 3550 soli

241 3577 458 3662 fidendum,
508 3567 627 3664 postea
662 3570 724 3642 suo
760 3569 841 3643 loco
877 3569 1131 3658 recensendas,
1178 3565 1267 3647 vers.
1300 3593 1387 3668 5..9,

243 3679 292 3751 V.
315 3674 445 3778 Quinta
467 3667 628 3742 continet
651 3663 920 3740 consolatoriam
941 3665 1202 3760 praedid'tionem
1224 3671 1269 3744 de
1288 3673 1390 3771 regni

245 3774 318 3854 Dei
330 3775 424 3849 inter
438 3764 612 3864 Tsronitas
629 3777 800 3857 perpetua
813 3762 1020 3854 duratione,
1045 3763 1136 3842 vers
1153 3787 1210 3840 10.
1272 3761 1275 3766 ’
1315 3828 1319 3834 ,

289 3967 312 4014 a
333 3917 528 4014 Ad'Simson
554 3935 675 4006 Chron.
697 3934 735 4005 A.
757 3933 808 4004 M.
835 3939 901 4021 348
904 3952 936 4019 5.

741 4161 747 4174 ”
775 4155 936 4252 Ddddd
1227 4155 1406 4232 EXPLI-
