3984 5159
276 535 290 555 ”
376 567 451 656 rs
480 520 555 656 ”r
602 579 628 659 s
675 569 710 661 Α·
758 573 792 659 t
837 579 926 662 tr
969 580 1297 690 cxtv112s-9.
1350 595 1422 690 γει

255 760 327 854 lint
353 765 446 839 dicit'
461 765 558 842 enirn
581 755 767 856 rettulere,
789 765 823 842 ἃ
845 771 982 843 reltullr
997 767 1159 860 fuluas
1176 767 1401 864 concludere
1409 805 1431 849 2·

227 919 230 926 .
257 883 300 960 ac
321 861 478 936 distinsle
500 886 564 958 per
586 879 701 960 partes
723 885 910 958 enarrarea
946 885 985 943 ut
1008 868 1091 942 alibi
1105 868 1196 962 saepe
1212 865 1419 941 observavi·

256 961 347 1038 nius.
396 961 520 1036 Sensus
544 983 630 1059 ergo
652 961 724 1050 est,
748 960 925 1057 Jelrovam
939 961 1015 1038 else
1027 964 1146 1042 Deum
1165 963 1417 1042 &Dominum

257 1057 481 1153 supremum,
507 1055 653 1141 infinitae
670 1061 840 1154 potentia
856 1063 1169 1159 &rintelligentiffi
1195 1060 1262 1135 duc.

261 1185 266 1192 ·
309 1161 341 1247 §.
364 1153 407 1230 X.
458 1179 486 1229 c.
513 1155 619 1232 Redit
651 1173 761 1251 poeta
788 1159 831 1232 ad
857 1158 1073 1234 beneficium
1098 1162 1136 1235 in
1158 1159 1334 1254 populum
1353 1155 1417 1254 Ju’

259 1254 375 1330 daeunr
398 1253 586 1344 collatum,
609 1275 681 1349 quo
703 1256 851 1331 hreniles
872 1258 911 1331 dt
928 1257 1129 1334 mansuetos
1153 1254 1343 1332 aedificatos
1362 1257 1419 1332 in-

260 1351 363 1426 slruit·
389 1351 553 1424 omnibus
576 1349 805 1436 necessariis,
836 1349 1012 1428 advitam
1036 1356 1116 1429 laete
1139 1355 1173 1426 δι
1193 1356 1289 1428 laute
1309 1374 1416 1451 agen·
1534 1357 1541 1374 '

260 1450 362 1535 dant,
395 1451 509 1544 impiet
529 1469 621 1522 vero
641 1447 821 1535 humiliat,
846 1449 1001 1540 abjectos
1021 1452 1157 1538 reddit,
1188 1473 1230 1525 ac
1249 1449 1419 1526 destruite

108 1603 109 1628 ,
259 1544 349 1620 ficut
372 1543 460 1638 saepe
482 1545 584 1633 alias,
609 1541 669 1618 sed
691 1544 761 1620 hoc
778 1557 940 1640 ternpore
956 1546 992 1628 in
1014 1545 1130 1639 specie
1143 1545 1298 1636 fecerat,
1324 1544 1416 1622 vers.

108 1649 110 1734 l
206 1681 219 1742 j
257 1648 299 1720 6.
324 1639 465 1732 Instruit
487 1639 530 1725 ἐξ
550 1655 646 1716 ornat
667 1639 847 1737 nuperius
868 1639 912 1724 s?
932 1646 1098 1732 humiles,
1128 1638 1282 1754 Jebooa3
1314 1645 1418 1718 humi·

262 1746 325 1815 liat
341 1735 547 1835 &deprimit
564 1741 722 1834 improbos
734 1741 777 1811 ad
791 1753 926 1813 teram.
973 1738 1065 1837 Quae
1087 1753 1193 1812 ettam
1208 1736 1328 1814 nostra
1343 1761 1418 1815 non

257 1837 422 1934 indigent
443 1858 563 1930 opera.
623 1836 680 1909 De
702 1837 815 1909 verbo
838 1863 899 1923 aar
915 1834 984 1910 dixi
1009 1836 1053 1908 ad
1073 1835 1132 1925 Ps,
1153 1855 1280 1912 catvr:
1296 1857 1331 1926 9.
1356 1838 1418 1911 ubi
1483 1902 1489 1911 .

261 1937 371 2011 etiarn
393 1935 437 2006 de
454 1935 644 2028 impiorum
661 1929 907 2007 destruslione.
959 1930 1088 2009 Verbo
1098 1946 1268 2021 notetur,
1292 1931 1419 2028 respici
1455 1987 1457 1991 ·

106 2083 112 2134 :
263 2033 308 2107 ad
335 2029 426 2103 sets.
453 2035 486 2106 a'.
518 2032 553 2106 dt
582 2031 789 2106 ulteriorem
817 2027 1053 2124 aedificationis
1083 2018 1338 2123 Hierosolyma
1359 2029 1422 2106 hic·

263 2129 354 2204 tradi
375 2125 615 2216 intelleslunr,
642 2149 709 2221 qua
730 2129 858 2202 domus
873 2125 970 2202 simul
984 2125 1163 2220 instruitur
1175 2128 1341 2215 omnibus
1354 2127 1418 2201 bo·

106 2259 109 2268 ⁴
258 2228 340 2315 nia,
367 2226 403 2299 dt
425 2226 461 2299 in
485 2245 572 2322 pace
587 2225 806 2314 collocatur,
829 2225 933 2320 inpiis
954 2221 1226 2301 destructoribus
1245 2221 1419 2321 repressa.-

235 2320 802 2415 ·Cons.dislaadPs.estv129.
969 2387 974 2394 .
1452 2386 1455 2392 ,

175 2461 178 2466 -
261 2459 264 2469 ·
311 2424 344 2512 §-
360 2419 420 2493 xl.
475 2423 512 2508 β.
545 2417 709 2512 Posterior
738 2422 907 2516 pericopa
952 2443 985 2494 a.
1009 2415 1212 2517 praemissam
1232 2417 1340 2496 habet
1357 2435 1417 2493 ex·

260 2516 528 2607 hortationem,
559 2517 604 2590 ad
623 2517 741 2592 Deurn
764 2519 908 2592 alternis
930 2522 1148 2608 canendum,
1187 2517 1415 2603 &celebran-

261 2615 371 2702 dum,
396 2612 490 2691 vers·
512 2633 549 2709 7.
578 2613 804 2710 Respondete,
837 2617 979 2690 alternis
1003 2617 1141 2704 canite,
1175 2611 1331 2712 Jeleoee.
1345 2635 1423 2690 cunt

104 2787 106 2824 r
184 2749 189 2760 1
261 2715 493 2799 eclesiarum,
511 2726 641 2784 cantate
657 2711 729 2785 Deo
743 2709 847 2803 nostro
863 2715 1001 2789 villare.
1015 2715 1051 2788 h.
1065 2735 1104 2787 e,
1116 2713 1232 2787 canite
1247 2711 1330 2786 Deo
1344 2712 1419 2784 lau·

262 2809 348 2898 des,
374 2809 406 2882 ds
422 2828 515 2882 voce
530 2810 562 2881 dt
577 2805 814 2884 instrumentis
829 2807 989 2899 musicis,
1014 2812 1056 2884 in
1068 2810 1196 2884 choros
1211 2806 1330 2896 divisi,
1356 2804 1423 2900 qui·¹

260 2905 325 2980 srbi
342 2922 469 2980 mutuo
482 2905 823 3002 respondenttquod
838 2905 889 2980 est
901 2908 1048 2998 armti
1063 2921 1189 2983 notum
1210 2906 1243 2980 δι
1260 2905 1337 2980 satis
1355 2903 1420 2979 ob.

260 3001 441 3078 servatum
463 3000 525 3077 est.
588 3002 722 3078 Cunus
742 3003 823 3078 sunt
844 3003 971 3080 facilia.
1022 3009 1051 3079 lr.
1083 3004 1229 3078 Novam
1252 3001 1422 3090 continet

258 3102 451 3178 materians
470 3100 503 3173 se
524 3104 700 3175 rationem
722 3101 905 3199 laudandi,
928 3103 1117 3200 agenerali
1133 3103 1168 3176 dt
1185 3100 1325 3194 speciali
1339 3119 1420 3193 pro·

138 3200 142 3216 “
260 3195 444 3286 videntia,
469 3219 539 3291 qua
552 3200 716 3274 omnibus
732 3198 1134 3296 alimentasuppeditat,
1168 3195 1427 3292 &piosfingu-·

262 3294 334 3388 lari·
345 3295 598 3370 benevolentia
613 3295 858 3391 prosequitur,
885 3298 1044 3393 petitam.
1109 3319 1146 3370 ι.
1166 3294 1224 3368 Ad
1237 3297 1421 3390 generalem

203 3433 208 3446 ·
256 3393 527 3488 :providentiam
555 3395 628 3469 haec
657 3395 764 3468 verba
791 3393 964 3487 spestant,
993 3392 1084 3468 vers.
1112 3395 1146 3477 8,
1170 3413 1205 3484 9.
1231 3397 1286 3487 qui
1300 3393 1423 3486 obtegit

202 3537 205 3544 ·
258 3494 384 3586 ¹coelum
396 3492 554 3580 nulllus,
571 3489 732 3585 sulfidere
743 3487 1001 3587 fadtplusriam
1018 3497 1209 3575 interram,
1232 3494 1419 3586 germinare

256 3583 353 3682 satis
381 3601 503 3661 montes
532 3589 659 3660 herbam
688 3591 867 3661 uirentem:
906 3591 967 3662 det
988 3581 1135 3685 jumerito
1162 3583 1419 3755 oidnmffuum,
1547 3583 1551 3590 ’

227 3729 238 3779 7
261 3686 368 3783 pullis
389 3691 481 3758 corui
500 3708 597 3782 quum
620 3691 863 3760 crocitaoerint.
918 3684 1009 3785 Quae
1033 3683 1112 3759 satis
1127 3704 1268 3779 quoque
1299 3683 1425 3770 acilia,-

267 3796 306 3856 et
328 3783 371 3855 ab
391 3783 465 3855 aliis
488 3781 654 3856 illustrata
674 3783 764 3858 sunt.
824 3781 982 3858 Tantum
1004 3795 1188 3872 notetur,
1215 3781 1330 3855 verbo
1353 3805 1419 3881 pan
1476 3859 1479 3866 ,

197 3923 206 3932 -
261 3877 449 3974 propriant
474 3879 693 3974 resleaptari
709 3877 944 3975 potestatem,
967 3876 1201 3976 quasrtbfldere
1217 3877 1359 3966 facere,
1384 3872 1423 3949 ds

258 3971 466 4074 profundius
493 3980 657 4074 demittere
680 3978 843 4054 denotat:
882 3978 980 4055 radix
1000 3978 1096 4052 eninr
1120 4003 1168 4078 pa
1181 3977 1324 4069 proprie
1347 3969 1428 4062 est,

255 4070 392 4168 fidere,
413 4071 573 4169 desedere,
596 4072 749 4170 resedere,
776 4075 872 4150 unde
892 4077 987 4152 inter
1001 4076 1069 4152 alia
1081 4081 1126 4153 ad
1138 4073 1364 4153 humiliorem
1382 4086 1422 4144 et

201 4223 204 4230 ·
752 4170 782 4249 F
788 4173 830 4250 ff
836 4173 856 4249 s
858 4173 920 4269 s3
1271 4164 1427 4264 prosunte
