3984 5159
599 584 674 664 620
768 511 1634 647 commrurnnro's'

597 748 652 848 lle
674 743 719 834 δ’
734 745 777 821 ad
787 742 909 844 scelus.
959 741 1044 818 Hoc
1065 739 1103 820 io
1121 759 1241 814 rerum
1265 735 1357 816 statu
1377 754 1418 814 ut
1434 734 1711 841 sejustificarct,
1737 741 1771 818 c

606 863 768 935 atroces,
791 845 877 917 licet
891 837 1084 938 speciosas,
1109 837 1299 914 calumnias
1313 861 1334 912 a
1348 838 1382 912 se
1399 850 1632 925 removeret,
1648 858 1769 914 eoram

607 943 693 1022 Deo
708 941 905 1027 ommacio,
920 935 1061 1031 &justo
1073 934 1191 1028 judice
1207 935 1345 1024 mundi,
1359 935 1532 1024 declarat,
1549 931 1586 1006 se
1600 936 1649 1008 ab
1664 935 1704 1007 iis
1716 936 1770 1010 ui·

610 1041 671 1119 tiis
693 1042 729 1117 dc
747 1036 951 1115 criminibus
966 1056 1041 1110 non
1057 1047 1195 1108 tautum
1210 1030 1280 1104 effe
1293 1055 1443 1126 purum,
1467 1030 1528 1106 sed
1539 1028 1770 1126 summopere

608 1141 822 1224 abhorrere,
852 1131 903 1206 ita
920 1145 962 1206 ut
979 1127 1154 1224 ejusmodi
1173 1126 1361 1222 sceleratos
1378 1129 1575 1222 &impium
1600 1143 1773 1222 nuquam

539 1278 543 1285 ·
609 1255 709 1310 ooret
724 1231 813 1318 Dei,
824 1225 985 1322 perfecto
999 1224 1233 1322 prosequatur
1248 1227 1353 1317 odio,
1377 1227 1438 1319 qui
1454 1225 1654 1321 qualesque
1666 1227 1774 1306 etlam

663 1344 698 1418 t,
721 1325 794 1403 fine
808 1323 1008 1402 discrimine
1023 1343 1170 1414 omnes,
1185 1324 1221 1398 dr
1235 1323 1272 1398 in
1307 1341 1428 1400 encre.
1786 1414 1792 1428 ι

662 1429 695 1518 i.
713 1421 842 1499 XLVI.
869 1421 925 1496 Ex
940 1443 1012 1516 quo
1027 1421 1331 1512 fimulelucescrt,
1356 1420 1469 1516 ipsum
1484 1441 1561 1496 non
1576 1417 1657 1498 line
1671 1422 1773 1498 ratio-

612 1543 660 1601 ne
684 1535 758 1599 tam
778 1519 978 1615 emphatice
1000 1517 1070 1596 elie
1091 1519 1273 1608 locutum,
1297 1537 1366 1594 nec
1381 1513 1511 1594 dieue
1531 1517 1603 1594 hos
1625 1517 1774 1608 illucve,

609 1620 757 1700 Saulem
769 1619 917 1712 eiusque
929 1615 1065 1704 socios,
1086 1613 1147 1690 sed
1165 1615 1203 1689 in
1221 1635 1352 1715 genere
1367 1615 1635 1710 qualescunque
1650 1616 1692 1692 in
1708 1618 1776 1694 ani·

613 1740 677 1796 mo
703 1714 859 1793 habuiffe
888 1709 1062 1809 ejusmodi
1083 1711 1271 1790 crimimm
1292 1733 1386 1788 reos.
1448 1709 1559 1811 Quod
1589 1713 1639 1793 ed
1655 1713 1776 1812 genui·

614 1839 704 1894 num
716 1817 913 1890 verborum
926 1806 1176 1906 conspectum,
1192 1810 1226 1884 dr
1241 1809 1387 1886 Davidis
1401 1807 1679 1901 defenfionem,
1694 1811 1777 1904 mul·

612 1927 694 1990 tum
715 1910 821 2000 facit,
864 1930 897 1985 1.
916 1903 1039 1982 Odium
1057 1903 1159 1984 suum
1180 1928 1263 2004 erga
1283 1905 1469 1982 sceleratos
1490 1905 1525 1984 dt
1546 1905 1691 2002 impios
1710 1907 1778 1984 ior·
1843 1989 1844 1996 Ν

614 2012 684 2088 tius
716 2006 909 2104 exprimit,
946 2027 1054 2100 quarn
1074 2004 1155 2078 alias
1175 2001 1332 2096 feciliet,
1354 2026 1437 2088 ,cunt
1457 2003 1553 2097 quod
1575 2004 1777 2104 indignatio

615 2105 722 2201 super
741 2119 866 2179 atroce
888 2103 1063 2178 calumnia
1075 2099 1231 2176 animum
1243 2101 1320 2194 ejus
1335 2098 1596 2191 concitaverit,
1622 2117 1731 2180 extra
1743 2100 1777 2178 se

616 2196 942 2294 rapueritquafi,&
954 2197 1063 2275 bilem
1072 2198 1350 2287 moverit3adeo
1364 2214 1407 2276 ut
1418 2196 1777 2292 proadiedluofilra·

616 2296 696 2375 beri
714 2295 843 2372 debeat
862 2293 1050 2385 oratioue,
1076 2317 1153 2372 non
1166 2294 1219 2394 ad
1234 2297 1359 2372 vivum
1381 2293 1591 2386 resecanda,
1618 2311 1707 2386 tam,
1729 2310 1777 2374 ut

588 2459 591 2466 .
616 2392 861 2472 innocentiam
880 2391 975 2471 suam
995 2391 1123 2467 clarius
1136 2391 1170 2466 dr
1185 2392 1314 2468 certius
1331 2387 1589 2470 testificaremur.
1644 2415 1681 2471 ι.
1708 2393 1781 2470 Sed

617 2493 693 2572 non
712 2492 777 2568 hos
800 2505 861 2568 aut
874 2491 976 2581 illos,
1001 2511 1076 2565 non
1094 2487 1213 2600 hollos
1228 2489 1315 2601 suos·
1323 2485 1491 2581 definite,
1516 2489 1629 2566 sedin
1645 2511 1781 2666 {effi
1843 2569 1844 2572 p

617 2591 808 2688 qualescun
832 2611 879 2667 ue
905 2587 979 2664 line
1004 2585 1203 2662 discrimine
1231 2587 1358 2680 impios
1383 2585 1625 2682 &improbos
1674 2593 1683 2606 ‘

617 2689 660 2765 irr
678 2688 796 2766 animo
864 2683 960 2763 buitt
984 2683 1146 2778 adeoque
1167 2683 1387 2783 impietatem
1407 2683 1781 2780 &improbitatemin
1844 2749 1845 2754 t

617 2779 1235 2958 itltttllululttltll‘
1250 2777 1579 2974 ltililtli
1592 2805 1783 2960 iffi
1844 2793 1845 2808 Ν

597 2975 740 3054 'David
768 2973 846 3048 fere
874 2973 1172 3070 quemadmodum
1194 2971 1276 3068 Job.
1300 2995 1412 3052 xxvu:
1435 2978 1472 3066 6,
1500 2999 1535 3071 7.
1592 2973 1783 3076 Justtun

618 3097 722 3152 meam
735 3076 878 3159 retineo,
902 3093 1003 3166 neque
1023 3093 1094 3144 eam
1113 3071 1298 3164 dimittam,
1322 3095 1387 3148 non
1406 3087 1515 3170 carpet
1530 3079 1779 3172 quicquamst

618 3195 726 3250 meum
746 3172 783 3246 de
805 3169 916 3244 diebus
934 3171 1024 3243 meis.
1074 3163 1174 3258 Fiat,
1198 3183 1236 3242 ut
1259 3173 1437 3265 improbus,
1462 3175 1616 3245 inimicus
1628 3194 1722 3248 meus
1736 3171 1785 3260 δ’

621 3269 794 3369 insurgent
810 3279 924 3342 contra
938 3287 1008 3354 me,
1021 3259 1109 3358 suut
1126 3261 1268 3361 injustus
1282 3265 1349 3342 dcc.
1368 3267 1406 3344 h.
1420 3289 1453 3343 e.
1468 3284 1507 3344 ut
1520 3269 1639 3344 verbis
1653 3271 1783 3348 Schul·

621 3365 723 3446 tenfii
744 3380 843 3453 utar,
874 3365 1024 3436 mnibus
1041 3362 1231 3460 pedibusque
1249 3366 1359 3438 einim
1379 3365 1415 3437 id
1433 3369 1554 3462 agitis,
1587 3380 1628 3440 ut
1647 3392 1700 3442 nae
1721 3373 1784 3446 vel

622 3471 760 3561 impium
773 3456 832 3560 effe
840 3455 960 3552 fateor
970 3455 1201 3554 manifestum,
1212 3457 1402 3557 uelsaltem
1415 3464 1627 3558 hypocritam.
1666 3462 1785 3563 Atqui

622 3566 752 3637 nullum
765 3559 854 3656 apud
868 3582 917 3633 me
930 3582 1043 3658 minen
1054 3553 1245 3650 ominaliut,
1270 3555 1485 3655 odiofiutque3
1507 3565 1623 3656 quippe
1635 3563 1680 3634 ud
1693 3563 1784 3658 qued
1796 3581 1800 3588 ·

622 3673 709 3732 totus
723 3661 830 3732 horreo
845 3653 1127 3751 &contremiscm
1142 3659 1404 3744 coniunctione,
1414 3657 1554 3750 quiduel
1568 3662 1710 3753 capitali
1722 3663 1782 3734 bo·

615 3747 667 3848 fii
687 3775 754 3825 meo
778 3753 884 3826 dirius
904 3758 1077 3849 imprecari
1097 3746 1224 3847 poffem.
1290 3749 1388 3826 Vides
1409 3755 1463 3826 hec
1481 3753 1592 3847 pauo,
1615 3753 1780 3834 additia

472 3881 479 3908 ι
624 3869 702 3923 rem
727 3844 793 3919 Vlr
814 3847 928 3938 cun,
953 3853 1212 3941 imprecationem
1233 3851 1360 3922 nuliam
1381 3854 1417 3924 in
1440 3851 1631 3946 cujusquam
1647 3866 1779 3948 caput,

622 3945 837 4040 petituque,
862 3948 917 4018 vel
941 3944 1055 4020 direile
1070 3946 1161 4042 jari:
1178 3943 1240 4040 sed
1260 3961 1389 4020 tantum
1402 3943 1564 4040 infinitati
1577 3971 1600 4021 a
1613 3946 1777 4044 uirosm-

620 4041 688 4137 sto,
710 4039 965 4141 pulsum
984 4040 1124 4143 aptldsc
1144 4041 1284 4144 gradum
1299 4045 1546 4120 cummium
1561 4043 1775 4236 &alxi
