3984 5159
533 521 605 621 m
706 483 1636 642 commententue'

536 717 779 791 convertunt,
805 723 952 796 eamque
971 701 1116 796 propria
1136 697 1433 773 &emblematica
1454 689 1616 770 oratione
1631 696 1698 774 im·

538 805 690 898 plorant.
740 799 831 899 Quae
853 801 930 872 duae
950 801 1149 893 argumenti
1164 814 1299 890 partes,
1326 817 1407 868 cum
1424 796 1535 867 altera
1547 793 1698 874 alteram

539 897 715 985 destruat,
740 920 808 990 qua
831 899 968 969 ratione
996 899 1035 968 in
1050 893 1277 967 concordiam
1293 893 1358 966 sint
1372 889 1593 987 redigendae,
1620 914 1698 968 non

403 1045 408 1048 -
542 1020 613 1072 una
642 995 693 1069 est
716 994 956 1084 interpretum
980 991 1115 1082 opinio.
1158 990 1230 1063 Alii
1244 995 1385 1085 priorem
1400 1003 1558 1081 partem,
1584 991 1700 1064 tribus

544 1095 665 1188 primis
689 1090 845 1161 versibus
870 1085 1182 1179 comprehensam,
1216 1109 1282 1180 pro
1297 1087 1467 1160 vaticinio
1483 1085 1641 1176 habent,
1665 1087 1700 1160 dt

544 1190 675 1264 futurae
691 1187 919 1260 redemtionis
934 1185 1228 1258 annunciatione:
1240 1182 1297 1256 sed
1314 1185 1530 1275 preteritum
1541 1201 1703 1276 tempus,

545 1307 619 1378 quo
641 1297 747 1378 poeta
767 1283 878 1355 utitur
901 1278 990 1353 vers.
1009 1301 1043 1370 1,
1058 1303 1091 1374 3.
1112 1279 1156 1352 'id
1170 1302 1253 1354 non
1275 1281 1473 1376 permittit3
1497 1302 1543 1354 ne
1563 1280 1628 1352 alia
1644 1280 1702 1354 ad·

544 1381 671 1456 feram.
718 1379 787 1452 Alii
808 1381 927 1470 itaque
948 1377 993 1448 de
1015 1374 1165 1471 diversa,
1191 1377 1226 1448 de
1246 1374 1372 1449 diverfi
1387 1378 1579 1471 temporis,
1604 1376 1702 1450 resti-

549 1480 690 1555 tutione
715 1474 861 1550 censent
891 1490 1035 1569 poetam
1059 1474 1177 1566 loqui,
1210 1473 1274 1546 alia
1294 1475 1471 1567 preterita
1480 1481 1500 1559 ,'
1517 1473 1584 1545 alia
1607 1472 1705 1548 sutu-

551 1591 614 1663 τας·
635 1575 692 1647 aiii
714 1572 759 1645 de
778 1572 937 1663 ejusdem
956 1569 1191 1644 restitutionis
1210 1569 1351 1642 diversis
1372 1569 1523 1663 periodis
1540 1569 1575 1642 tr
1592 1572 1703 1667 gradi·

550 1673 634 1748 bus:
661 1670 756 1764 quod
771 1667 986 1762 postremum
1002 1665 1087 1740 mihi
1102 1686 1184 1739 cum
1199 1687 1288 1739 vero
1305 1666 1447 1741 videtur
1461 1667 1703 1758 coniunctium

554 1767 785 1864 quianullum
800 1763 957 1839 occurrit
974 1759 1189 1836 diversarum
1203 1759 1492 1838 instaurationum
1507 1763 1704 1855 criterium,

551 1887 623 1944 nec
643 1863 715 1938 fine
743 1874 894 1956 urgente
915 1859 1050 1933 ratione
1074 1858 1221 1933 eandem
1242 1860 1343 1952 plane
1365 1860 1503 1954 phrasin
1523 1860 1561 1933 in
1584 1861 1709 1940 eadem

519 1983 522 1988 ·
555 1962 727 2039 orationis
749 1973 892 2032 textura
911 1953 957 2027 de
976 1955 1117 2028 diversis
1139 1956 1225 2030 licet
1239 1955 1462 2049 interpretari
1482 1958 1597 2032 rebus.
1646 1957 1709 2032 Vi·

557 2057 635 2132 deri
660 2055 764 2129 alicui
783 2051 920 2149 posset,
953 2049 1050 2144 quod
1070 2051 1156 2125 mihi
1175 2055 1214 2126 in
1236 2069 1394 2129 mentem
1416 2056 1535 2144 venit,
1568 2054 1701 2146 fateor,

558 2151 649 2227 vers.
671 2165 728 2240 4to
750 2160 825 2222 non
847 2161 1181 2244 occurreremus,
1206 2148 1266 2222 sed
1285 2151 1442 2243 ejusdem
1456 2153 1509 2226 rei
1525 2153 1700 2246 continua·

557 2261 631 2324 tam
652 2247 910 2334 narrationem,
940 2268 1010 2320 nec
1034 2246 1246 2322 vertendum
1258 2247 1326 2322 esse
1340 2251 1457 2340 reduc,
1482 2247 1540 2322 sed
1554 2251 1706 2342 reduxit,

559 2345 702 2440 quando
722 2346 837 2418 omnis
857 2339 1039 2420 difficultas
1058 2343 1297 2420 evanesceret.
1340 2346 1428 2434 Sed,
1460 2348 1619 2439 quamvis
1634 2362 1707 2422 tex·

558 2460 615 2518 tus
632 2440 743 2517 Hebr.
760 2440 797 2514 id
811 2442 884 2535 pati
898 2455 1025 2534 queat,
1041 2439 1156 2516 obstat
1171 2455 1289 2516 tamen
1309 2454 1384 2516 tum
1394 2442 1564 2540 particula
1588 2471 1619 2518 ne
1632 2457 1710 2518 tunt

559 2538 650 2615 vers
684 2560 718 2615 2.
744 2553 820 2632 que
842 2537 992 2629 indicat,
1025 2559 1108 2627 eos,
1139 2539 1198 2632 qui
1218 2538 1276 2613 hic
1298 2538 1335 2612 in
1353 2539 1490 2614 scenam
1512 2541 1711 2635 producun-

560 2651 642 2725 tur,
655 2635 710 2725 ¹de
733 2636 910 2731 praeterita
924 2633 983 2710 sua
996 2635 1118 2712 letitia
1133 2636 1166 2709 u
1180 2633 1261 2729 spe,
1275 2656 1349 2709 non
1365 2637 1408 2710 de
1422 2635 1583 2732 praesenti
1599 2635 1712 2728 statu,

562 2731 686 2827 loqui,
708 2733 867 2826 adeoque
891 2731 1018 2809 statum
1044 2731 1251 2830 presentem
1273 2735 1456 2828 preterito
1481 2756 1555 2812 non
1569 2732 1715 2830 respon·

564 2830 670 2915 dere;
697 2841 774 2903 tum
796 2829 865 2904 fut.
887 2840 1146 2924 tempus,‘quo
1168 2847 1277 2926 poeta
1302 2828 1391 2908 vers.
1415 2853 1437 2923 5
1463 2831 1498 2908 δι
1520 2835 1555 2908 6.
1580 2831 1714 2924 utitur,

567 2922 665 3018 quod
679 2923 716 2995 in
726 2938 837 3017 precer
847 2923 978 3012 ,retiius
993 2927 1178 3003 convenit.

469 3045 498 3072 e
616 3023 651 3108 §.
668 3017 710 3091 u.
736 3018 814 3094 Sint
827 3022 945 3113 itaque
957 3023 1036 3096 duae
1052 3023 1196 3098 diverse
1212 3027 1339 3102 cantici
1353 3043 1645 3124 partes,quarum
1653 3028 1716 3102 alia
1774 3057 1783 3070 ·

567 3114 612 3189 de
636 3113 837 3208 praeterita,
860 3115 926 3188 alia
948 3117 991 3190 de
1016 3117 1137 3193 futura
1158 3122 1381 3198 restitutione
1406 3125 1496 3222 agit,
1520 3131 1582 3200 vel
1598 3127 1718 3220 potius

569 3211 618 3288 de
629 3211 789 3303 ejusdem
802 3209 1059 3292 instaurationis
1075 3214 1217 3292 diversas
1233 3219 1385 3294 articulis
1403 3221 1631 3319 &gradibus,
1648 3223 1719 3298 aiio

566 3311 773 3408 preterito,
799 3311 868 3384 alio
891 3308 1028 3386 futuro.
1077 3311 1233 3411 Quaestio
1259 3315 1433 3410 superest,
1467 3341 1551 3411 quas
1573 3319 1720 3414 captivi·

568 3411 653 3486 tatis
668 3404 890 3482 redustiones
903 3407 941 3483 in
955 3407 1066 3484 oculis
1082 3409 1245 3486 habuerit
1261 3415 1378 3506 poeta.
1427 3415 1647 3510 Interpretes
1661 3417 1720 3491 bic
1773 3505 1775 3512 J

492 3538 499 3558 ·
571 3507 610 3580 in
636 3503 773 3579 diversa
795 3505 911 3581 rursus
934 3508 1089 3596 abeunt;
1120 3510 1177 3582 alii
1200 3510 1244 3582 de
1268 3511 1487 3607 Aegyptiace
1513 3515 1721 3610 cogitant&

570 3601 803 3692 Babylonica,
834 3604 891 3675 alii
912 3604 957 3676 de
980 3606 1201 3680 redemtione
1224 3605 1390 3698 spirituaii
1415 3630 1479 3700 per
1505 3609 1660 3688 Messinm
1683 3612 1722 3686 in

571 3695 679 3768 initiis
700 3697 734 3769 dt
754 3693 827 3772 fine
839 3697 888 3772 N.
904 3697 965 3786 T,
985 3701 1042 3773 alii
1062 3700 1106 3772 de
1120 3701 1319 3796 Babylonica
1334 3705 1366 3778 u
1381 3703 1500 3778 sutura
1516 3707 1720 3783 reduttione

572 3789 709 3865 Israelis
723 3792 760 3864 in
775 3808 906 3867 terram
921 3793 1039 3884 suam,
1065 3815 1170 3888 quarn
1187 3797 1371 3875 novissrmo
1387 3817 1549 3894 tempore
1563 3805 1721 3882 futuram

573 3887 736 3962 credunt.
792 3889 862 3961 Sed
894 3887 990 3963 nulla
1020 3890 1142 3968 harum
1168 3895 1377 3988 opinionum
1404 3897 1438 3970 se
1466 3901 1558 3974 tueri
1590 3902 1720 3993 potest.

576 4005 609 4062 1.
625 3983 844 4082 Aegyptiace
851 3991 1027 4085 ntuquatn
1044 3991 1162 4085 venit,
1187 4013 1255 4069 nec
1272 3995 1393 4070 venire
1409 3995 1546 4091 potest,
1573 3999 1723 4168 nangae

1571 4117 1650 4168 reu
1682 4117 1729 4172 ro.
