3984 5159
396 643 459 698 n>
531 616 891 700 esaan.
964 622 1219 724 extumo.
1315 585 1433 738 75,

218 815 471 896 concinnanda
483 811 583 904 sunt,
604 814 670 888 aest
684 812 898 904 haberetur,
923 819 1065 893 labentes
1083 819 1128 904 i?
1141 838 1295 897 curvatos
1315 801 1378 923 Jess

216 923 306 992 heva
323 914 429 1006 fuisit
453 911 495 993 Θ
517 917 628 1007 erigit.
678 909 841 984 Labeates
857 912 937 988 sunt
949 917 1009 1009 qui
1025 918 1060 991 in
1075 922 1207 1012 quaeuis
1220 922 1310 996 mala
1323 925 1375 995 in·

215 1018 368 1099 eidunt,
393 1028 433 1082 ut
458 1009 561 1082 Prov.
585 1029 685 1081 xxtv:
719 1011 775 1083 16.
796 1007 906 1104 justus
927 1015 1015 1086 cadit
1027 1013 1149 1110 septies
1174 1017 1218 1100 ἐξ
1230 1020 1373 1114 surgit,

216 1113 255 1189 de
277 1108 480 1199 alibisepe:
506 1109 640 1179 cwoati
653 1105 755 1194 sunt,
780 1109 840 1199 qui
853 1110 975 1210 quavis
987 1112 1053 1182 alia
1069 1112 1248 1200 molestia,
1273 1115 1371 1212 aegri-

210 1209 365 1296 tudine,
387 1204 535 1293 dolore,
559 1203 676 1278 above
697 1201 928 1278 incommodo
942 1209 1104 1303 corporis
1118 1209 1218 1304 prelii
1235 1211 1269 1284 dr
1285 1231 1370 1286 con·

216 1304 330 1386 ilribbi
348 1303 449 1390 sunt,
473 1320 517 1374 ut
533 1298 568 1375 se
589 1301 726 1394 en'gere
747 1315 950 1392 nequeant:
987 1325 1094 1397 quare
1117 1305 1168 1381 Pi.
1189 1329 1309 1382 ortvs:
1335 1313 1370 1383 8.

211 1425 300 1478 curn
327 1398 444 1475 coecis
474 1399 759 1494 coniunguntur,
800 1397 834 1468 ἀ
856 1394 900 1468 de
926 1403 1029 1472 artimi
1051 1401 1271 1495 adfliilione,
1302 1426 1373 1498 qua

128 1599 132 1604 ‚
211 1513 319 1671 itt}
328 1489 1371 1689 feletas.‘transtulerit-..315¹‘tritta

215 1693 257 1766 de
276 1690 480 1778 liberando,
512 1687 609 1781 quod
629 1684 681 1760 est
701 1712 776 1795 'ipis
801 1687 947 1782 proprie
967 1641 1116 1776 elevari,
1142 1705 1182 1764 ut
1205 1621 1369 1783 viddtur,

214 1789 315 1866 unde
335 1789 379 1864 ad
402 1791 491 1862 cruci
516 1791 644 1858 sionem
658 1784 814 1859 refertur*
828 1785 919 1878 apud
931 1785 1007 1878 Syr.
1023 1783 1057 1859 u
1072 1783 1192 1860 Chald.

221 1933 229 1944 -
265 1891 298 1978 ς.
320 1885 433 1959 XVll.
505 1880 637 1976 asinius
657 1882 699 1954 ad
724 1882 1048 1971 alimentationem,
1074 1905 1224 1980 eamque
1246 1883 1370 1968 libera·

212 1984 312 2074 lem,
337 1983 540 2076 pertinens,
565 1979 614 2052 ita
633 1975 759 2067 habet,
790 1977 882 2052 vers.
900 2000 957 2070 15,
976 1983 1029 2054 16.
1058 1981 1158 2054 Oculi
1171 1987 1312 2056 emnium
1327 1987 1371 2060 ad

215 2096 250 2153 te
269 2077 492 2176 prospeilantt
524 2088 577 2165 et,
613 2075 823 2170 velutique,
858 2090 896 2148 tu
921 2078 978 2149 das
998 2074 1073 2172 ipfis
1100 2082 1204 2152 cibum
1228 2077 1370 2176 ipſsrrum

216 2190 356 2273 tempore
377 2172 455 2267 isio,
482 2172 539 2244 vel
560 2171 687 2265 cuique
708 2171 789 2247 luo:
814 2178 920 2268 aperis
940 2197 1071 2246 manum
1085 2189 1196 2264 tuem,
1221 2191 1251 2248 et
1260 2177 1371 2272 satias

215 2297 309 2348 smne
327 2278 447 2346 noum
463 2273 711 2366 acquiescente.
734 2270 823 2344 b.'e.
844 2271 1003 2344 omniunt
1025 2289 1266 2348 creaturarum
1284 2273 1368 2350 deli-

216 2371 339 2457 deria,
373 2369 498 2460 quibus
527 2367 642 2440 media
664 2367 708 2439 ad
730 2364 976 2441 subfistendum
997 2367 1031 2438 dt
1053 2370 1147 2442 laute
1168 2371 1367 2449 vivendum

216 2468 413 2560 adpetunt,
445 2464 489 2536 ad
512 2478 548 2537 te
568 2464 701 2539 debent
723 2464 900 2552 tendere,
933 2463 966 2535 de
989 2465 1096 2537 tacite
1120 2487 1262 2561 quoque
1289 2485 1368 2545 ten.

213 2563 326 2651 dunt,
352 2576 462 2656 tuque
482 2561 512 2633 is
530 2582 569 2635 es
591 2560 742 2635 liberalis
755 2560 1037 2655 promonemus,
1065 2563 1123 2654 qui
1137 2563 1302 2638 omnibus
1317 2566 1367 2638 ci·

214 2663 302 2738 bum
317 2661 352 2734 dt
368 2674 493 2753 potum
507 2657 884 2751 suppeditastempore
897 2672 1126 2751 opportuno,
1140 2680 1208 2732 nee
1225 2673 1366 2737 nutum

126 2828 127 2857 χ
214 2757 315 2844 lanc,
334 2756 393 2828 sed
413 2757 508 2851 larga
526 2755 559 2826 du
580 2755 716 2826 liberali
736 2777 842 2828 manu
864 2754 1060 2847 suppeditas
1077 2755 1122 2829 ad
1135 2753 1364 2850 pleniffimam

215 2852 410 2927 satietatem
425 2851 776 2943 &acquiescentian
825 2848 934 2949 Quod
950 2849 1029 2926 Adi.
1048 2873 1124 2929 xrv:
1144 2875 1199 2948 17.
1221 2855 1364 2952 egregie

212 2950 429 3044 adpellitur,
455 2950 549 3020 corde
562 2952 683 3043 replete
699 2953 851 3021 alimento
868 2951 1094 3026 ethildritae.
1143 2949 1263 3026 Verba
1278 2974 1364 3028 con·

213 3049 330 3123 tinent
354 3046 562 3134 mentiens,
593 3061 626 3116 et
645 3045 854 3141 consequens,-
886 3046 971 3118 illud
992 3044 1073 3137 est,
1105 3047 1389 3140 quodomnium.

209 3145 360 3218 oculiad
378 3141 489 3217 Deum
512 3139 601 3214 versu
625 3141 710 3230 lint,
750 3139 1036 3218 sustentationem
1057 3160 1257 3238 querentes,
1289 3146 1364 3220 five

260 3264 277 3313 r
305 3239 493 3327 deiideria,
526 3238 597 3312 sive
621 3237 783 3332 suspiria,
809 3253 869 3315 aut
889 3237 1293 3330 indiredlaautdireiia,
1315 3241 1372 3320 ad·

249 3360 341 3415 eum.
368 3336 450 3411 Vid.
474 3333 525 3409 Ps.
548 3357 630 3420 crve
657 3356 715 3430 27.
764 3334 925 3413 Verbum
951 3355 1014 3410 nti
1034 3336 1127 3431 apud
1150 3338 1285 3412 Arabes
1307 3351 1359 3413 t'e-

213 3437 301 3511 ritur
321 3438 359 3508 in
380 3435 572 3529 explorando
594 3432 764 3522 vulnere,
798 3433 911 3528 &per
924 3430 1104 3527 speculum
1120 3436 1361 3514 vulnerarium

211 3530 403 3621 tentando,
428 3530 529 3621 euius
542 3529 584 3602 lit
599 3527 869 3621 profunditatis,
894 3530 958 3603 vel.
971 3530 1137 3624 periculi:
1163 3531 1257 3606 unde
1271 3546 1359 3612 met.

212 3632 253 3704 ad
265 3627 435 3716 studium,
458 3626 792 3739 indagationemque
808 3624 1020 3702 transfertur
1028 3647 1169 3718 rerum,
1184 3629 1219 3702 in
1234 3630 1363 3721 quibus,

211 3727 297 3801 salus
321 3723 440 3801 nostra
461 3741 634 3799 verttttu:
660 3723 713 3797 uti
734 3723 813 3799 Lat.
835 3730 1042 3819 percontari,
1074 3746 1156 3800 curn
1184 3723 1298 3799 studio
1322 3725 1360 3800 dt

213 3823 445 3919 adplicatione
466 3821 667 3916 inquirere,
699 3835 832 3894 aconio
854 3822 913 3895 vel
936 3829 1084 3918 pertica,
1123 3845 1192 3918 qua
1211 3821 1385 3916 profun-¹

214 3922 296 3997 dum
310 3921 514 4015 exploratur
533 3939 565 3992 a.
584 3964 589 3971 ·
608 3914 734 3992 Sensus
747 3939 834 4016 ergo
846 3918 920 4008 est,
943 3936 1119 3996 creaturas
1136 3941 1258 3996 omnes
1272 3939 1368 3994 ocu.

215 4017 334 4099 beluis
354 4018 447 4114 apud
467 4012 589 4092 Deum'
610 4013 736 4088 investi
780 4036 839 4106 re,
864 4015 1038 4117 &rogare
1054 4017 1237 4093 alimentaa
1264 4015 1360 4108 quod

764 4134 868 4189 cccc
1118 4185 1121 4191 ,
1235 4131 1362 4188 omnes

224 4304 228 4312 ,
256 4249 277 4300 s
297 4227 373 4300 Vid.
392 4228 564 4309 Schultens
579 4229 621 4299 ad
636 4229 713 4300 Har.
728 4227 817 4300 cons.
843 4247 872 4300 r.
888 4249 921 4318 p.
942 4246 994 4304 ιο.
