3984 5159
411 589 487 648 an
559 565 588 644 P
636 564 661 644 S
706 564 745 641 A
790 518 826 643 L
873 563 928 642 M.
993 561 1225 651 CXXXIII:
1257 601 1292 674 3.
1364 601 1444 677 475'

280 751 418 846 dinata,
443 767 485 832 ut
505 752 608 848 supra
628 749 719 846 sape
737 749 921 826 observavi
947 751 1014 828 dcc.
1066 779 1098 848 3.
1123 758 1288 856 Denique
1304 761 1434 838 indica·

283 873 359 946 tur,
384 857 421 928 in
436 855 507 928 hoc
518 865 730 934 conventu,
755 865 919 944 tanquam
936 850 1143 930 lucidissimo
1159 858 1327 952 speculo,
1344 883 1430 936 con·

172 1008 179 1018 .
281 954 386 1046 spici,
412 951 521 1046 qualis
545 947 637 1035 else,
665 945 806 1040 seseque
822 969 947 1046 gerere
963 949 1091 1042 debeat
1106 958 1278 1048 populus,
1302 957 1430 1032 silene-

103 1073 108 1118 :
207 1130 221 1136 ,
282 1051 447 1140 distioncm
469 1048 503 1127 dt
525 1051 630 1144 vitum
653 1045 819 1138 consequi
842 1045 929 1118 velit
951 1046 989 1120 in
1011 1063 1236 1141 perpetuum.
1299 1053 1340 1128 ln
1361 1056 1447 1128 hoc.

282 1140 378 1238 enirn
402 1158 589 1233 conventu
609 1143 782 1237 populus,
819 1165 852 1217 a.
868 1140 943 1216 scse'
964 1145 1168 1237 unitum&
1193 1151 1430 1241 concordem,

282 1247 313 1321 l.
328 1265 425 1317 vera
445 1240 625 1338 religionis
645 1237 858 1335 studiosum,
871 1239 1152 1332 demonstravit,
1180 1246 1215 1318 &
1242 1270 1270 1319 c.
1288 1249 1448 1324 consen--

282 1341 359 1430 sum
373 1341 412 1416 in
425 1340 570 1414 domurn
585 1337 751 1428 Dauidis,
766 1337 1012 1435 utregiam‚&
1024 1339 1217 1434 Templum
1232 1341 1430 1432 Hierosol,
1447 1397 1452 1420 .

282 1453 327 1514 ut
342 1441 480 1511 unicam
497 1436 674 1532 religionis
690 1433 828 1525 sedem,
854 1431 994 1529 publice
1009 1434 1060 1510 est
1075 1435 1227 1534 testatus.
1264 1439 1348 1514 Hoc
1362 1443 1452 1524 ani,

284 1536 348 1619 mo
368 1533 394 1606 sr
413 1532 481 1606 elle
504 1546 669 1630 pergeret
679 1533 849 1625 populus,
864 1533 988 1626 utique
1007 1529 1084 1631 fieri
1101 1555 1174 1610 non
1188 1535 1322 1630 posset,
1349 1541 1452 1632 quIIlr

286 1653 393 1706 omne
432 1652 517 1704 enus
533 1633 649 1719 bona,
667 1630 703 1702 vi
717 1628 871 1702 foederis
885 1629 980 1722 Sim,
1008 1631 1044 1708 in
1061 1653 1142 1726 eum
1159 1631 1393 1710 confluerent.
1447 1687 1452 1713 ι

337 1733 369 1819 §.
420 1726 507 1792 XVl.
533 1725 710 1800 Hastenus
737 1726 774 1799 in
799 1731 941 1800 litterali
974 1720 1073 1802 sensu
1103 1731 1204 1824 hujus
1227 1733 1353 1807 cantici
1377 1756 1436 1810 ex·

284 1825 447 1921 plicando
471 1821 602 1896 versati
627 1821 771 1896 suimus.
827 1824 895 1896 Sed
926 1823 1013 1896 nihil
1037 1840 1156 1915 vetat,
1182 1831 1369 1922 quominus
1391 1831 1435 1903 ad

283 1923 383 2019 regni
408 1920 556 1994 Davidis
576 1919 612 1994 dt
634 1919 832 1993 Salomonis
854 1920 1040 2014 antitypon
1058 1925 1285 2000 extendamus
1304 1949 1349 1999 co
1374 1929 1436 2000 ita·

284 2021 422 2108 tiones,
455 2038 583 2111 easque
611 2015 804 2113 defigamus
833 2016 870 2090 in
892 2017 977 2090 illud
997 2035 1157 2115 tempus,
1183 2045 1254 2115 quo
1277 1949 1436 2114 MeXas,

283 2115 437 2212 persona
460 2114 606 2188 Davidis
629 2112 804 2208 deposrta,
828 2113 863 2186 dc
911 2131 1036 2192 cecato
1055 2139 1095 2191 ac
1110 2118 1436 2209 satanadebellato,

286 2233 445 2310 paceque
476 2233 517 2285 ac
547 2211 715 2306 spirituali
743 2138 909 2285 benediX

286 2311 421 2403 incepit
443 2309 625 2401 personam
648 2308 845 2397 Salomonis,
871 2308 965 2396 srve,
990 2327 1032 2386 ut
1053 2315 1178 2388 clarius
1194 2316 1341 2407 loquar,
1368 2339 1440 2407 quo

288 2431 349 2482 rex
370 2407 403 2479 dt
423 2402 576 2501 pontifex
596 2405 757 2480 Ecclesrae
777 2405 972 2483 solenniter
991 2406 1117 2484 onnus
1142 2409 1212 2498 est,
1238 2412 1327 2485 utin
1343 2411 1440 2484 hisce

289 2502 443 2580 comitiis
466 2501 593 2578 fanum
613 2503 675 2579 est.
725 2503 835 2602 Quod
850 2518 1011 2599 ternpore
1026 2501 1223 2600 Pentecoflis
1238 2506 1441 2605 contigisse,

290 2600 434 2698 quando
459 2600 606 2694 Spiritus
644 2603 682 2676 in
712 2600 904 2696 Apostolos
940 2601 1175 2692 estcffusus,
1214 2602 1338 2677 Petrus
1360 2603 1440 2697 iplls

289 2699 412 2772 verbis
425 2696 542 2772 docet.
557 2697 636 2772 net.
654 2719 708 2772 11.
759 2699 812 2772 sit
828 2698 945 2792 itaque
958 2713 1141 2779 conventus
1160 2696 1441 2794 Apostolorum,

291 2798 352 2888 qui
382 2795 475 2868 hisce
502 2799 640 2867 comitiis
662 2793 908 2888 respondean·
927 2797 961 2870 dt
983 2797 1089 2871 undio
1112 2797 1264 2872 Aaronis
1279 2796 1443 2872 exhibeat

293 2894 440 2989 Spr'riras
463 2890 498 2965 S.
524 2890 757 2979 effusionem,
783 2894 867 2966 oleo
892 2915 912 2965 a
931 2895 1046 2988 capite
1062 2893 1200 2969 Christo
1215 2894 1259 2968 ad
1272 2893 1445 2970 inferiora
1490 2975 1492 2982 ,

292 2991 400 3068 etiam
418 2992 577 3064 membra
596 2985 850 3064 descendente:
867 3011 936 3064 nec
950 2994 1056 3092 longe
1071 2991 1256 3086 quaerenda
1272 2993 1342 3066 erit
1358 3013 1446 3066 con·

292 3086 484 3162 venientia.
534 3109 565 3157 a.
591 3083 775 3179 Apostoli,
809 3087 1017 3179 othones,
1050 3091 1216 3166 inunum
1242 3088 1354 3165 coadli
1369 3089 1446 3162 sue·

292 3199 390 3261 runt.
430 3188 460 3257 l.
483 3199 600 3259 totum
620 3183 814 3278 populum,
847 3187 909 3260 seu
925 3207 981 3261 ιι.
1003 3189 1115 3262 tribus
1129 3185 1446 3281 repraesentarunt,

296 3305 355 3358 12.
386 3283 493 3359 etiam
525 3302 676 3356 numero
700 3279 877 3375 Apostoli.
937 3307 964 3358 c.
990 3282 1118 3362 Assum
1148 3283 1199 3358 est
1221 3284 1265 3357 de
1293 3281 1447 3358 Ecclesia

295 3377 518 3467 aedificanda,
544 3377 716 3453 &omnia
737 3400 783 3451 eo
803 3380 839 3453 in
862 3396 1046 3458 convento
1067 3382 1161 3456 adid
1184 3380 1263 3455 sunt
1277 3402 1447 3474 praepara·

295 3496 346 3553 ta.
395 3479 427 3550 d.
453 3473 579 3547 Christi
602 3475 639 3546 in
660 3476 771 3548 coelis
784 3471 882 3549 'until
899 3479 935 3551 in
948 3499 1069 3574 regem
1087 3474 1345 3552 &Pontificem
1362 3476 1451 3552 effe·

298 3575 354 3649 &a
369 3571 552 3650 consecuti
579 3569 680 3661 sunt,
707 3570 889 3646 &indicia
908 3575 945 3647 in
968 3579 1031 3648 oleo
1054 3574 1202 3670 Spiritus
1226 3573 1269 3646 ad
1284 3572 1375 3669 ipsos
1389 3574 1450 3650 de·

299 3671 463 3763 fluente,
493 3668 589 3744 unde
619 3689 760 3763 quoque
783 3667 825 3741 ad
848 3667 983 3744 lnfimas
1006 3674 1116 3746 totius
1138 3673 1300 3766 corporis
1323 3671 1453 3750 Christi

298 3787 418 3870 partes
439 3767 623 3842 deflueret.
679 3791 706 3841 e.
733 3763 955 3843 Constitutus
976 3768 1083 3846 etiam
1106 3766 1157 3842 est
1176 3767 1234 3843 hic
1248 3786 1450 3847 conventus

301 3869 464 3947 omnium
482 3863 767 3940 benedictionum
788 3863 996 3956 thesaurus,
1024 3867 1234 3962 &tanquam
1250 3868 1286 3943 in
1301 3869 1453 3967 imagine

305 3965 465 4063 expinxit
479 3964 663 4056 qualitates
676 3961 777 4034 Eccle
792 3987 866 4053 rae,
893 3986 969 4059 quae
984 3962 1242 4041 benedislionis
1257 3964 1362 4040 lieret
1377 3989 1455 4062 par·

309 4069 432 4163 ticeps.
470 4057 513 4156 f.
537 4059 701 4154 Denique
721 4060 756 4133 le
790 4059 896 4231 iffirga
920 4064 1032 4139 totius
1053 4063 1177 4144 mundi
1202 4085 1303 4162 pars,
1342 4083 1456 4156 eaque

420 4179 425 4191 ·
611 4221 615 4229 .
888 4179 992 4239 ooa
1334 4180 1458 4238 nume·

906 2211 989 2286 ione
1010 2217 1218 2310 impetrata,
1256 2215 1438 2294 adsumere
1569 2235 1574 2240 ’
