<?xml version="1.0" encoding="UTF-8"?>
<!DOCTYPE html PUBLIC "-//W3C//DTD XHTML 1.0 Transitional//EN"
    "http://www.w3.org/TR/xhtml1/DTD/xhtml1-transitional.dtd">
<html xmlns="http://www.w3.org/1999/xhtml" xml:lang="en" lang="en">
 <head>
  <title>
</title>
<meta http-equiv="Content-Type" content="text/html;charset=utf-8" />
  <meta name='ocr-system' content='tesseract 3.04.00' />
  <meta name='ocr-capabilities' content='ocr_page ocr_carea ocr_par ocr_line ocrx_word'/>
</head>
<body>
  <div class='ocr_page' id='page_1' title='image "./hermannivenemac03venegoog_0098.png"; bbox 0 0 3984 5159; ppageno 0'>
   <div class='ocr_carea' id='block_1_1' title="bbox 511 495 1507 632">
    <p class='ocr_par' dir='ltr' id='par_1_1' title="bbox 511 495 1507 632">
     <span class='ocr_line' id='line_1_1' title="bbox 511 495 1507 632; baseline 0.008 -30"><span class='ocrx_word' id='word_1_1' title='bbox 511 546 587 602; x_wconf 73' lang='lat' dir='ltr'><strong>tn</strong></span> <span class='ocrx_word' id='word_1_2' title='bbox 655 525 754 602; x_wconf 86' lang='lat' dir='ltr'><strong>PS</strong></span> <span class='ocrx_word' id='word_1_3' title='bbox 802 523 838 616; x_wconf 74' lang='grc' dir='ltr'>Α</span> <span class='ocrx_word' id='word_1_4' title='bbox 884 523 916 602; x_wconf 90' lang='lat' dir='ltr'>L</span> <span class='ocrx_word' id='word_1_5' title='bbox 963 521 1019 602; x_wconf 63' lang='lat' dir='ltr'><strong>Ma</strong></span> <span class='ocrx_word' id='word_1_6' title='bbox 1094 495 1352 622; x_wconf 69' lang='lat' dir='ltr'><strong>CXV29-1r.</strong></span> <span class='ocrx_word' id='word_1_7' title='bbox 1460 535 1507 632; x_wconf 84' lang='lat'><strong>89</strong></span> 
     </span>
    </p>
   </div>
   <div class='ocr_carea' id='block_1_2' title="bbox 318 714 1527 2459">
    <p class='ocr_par' dir='ltr' id='par_1_2' title="bbox 353 714 1510 1297">
     <span class='ocr_line' id='line_1_2' title="bbox 354 714 1505 813; baseline -0.012 -15"><span class='ocrx_word' id='word_1_8' title='bbox 354 720 566 808; x_wconf 70' lang='lat' dir='ltr'><strong>hemmonis,</strong></span> <span class='ocrx_word' id='word_1_9' title='bbox 592 719 650 792; x_wconf 90' lang='lat' dir='ltr'><strong>vel</strong></span> <span class='ocrx_word' id='word_1_10' title='bbox 670 714 767 794; x_wconf 82' lang='lat' dir='ltr'><strong>beati</strong></span> <span class='ocrx_word' id='word_1_11' title='bbox 787 729 936 792; x_wconf 87' lang='lat' dir='ltr'><strong>eventus</strong></span> <span class='ocrx_word' id='word_1_12' title='bbox 958 714 1101 792; x_wconf 74' lang='lat' dir='ltr'><strong>latio&amp;</strong></span> <span class='ocrx_word' id='word_1_13' title='bbox 1121 719 1173 791; x_wconf 92' lang='lat' dir='ltr'><strong>eri</strong></span> <span class='ocrx_word' id='word_1_14' title='bbox 1197 739 1233 792; x_wconf 89' lang='grc' dir='ltr'><strong>ο.</strong></span> <span class='ocrx_word' id='word_1_15' title='bbox 1291 715 1439 812; x_wconf 83' lang='lat' dir='ltr'><strong>Verbo,</strong></span> <span class='ocrx_word' id='word_1_16' title='bbox 1459 715 1505 813; x_wconf 78' lang='lat' dir='ltr'><strong>ft.</strong></span> 
     </span>
     <span class='ocr_line' id='line_1_3' title="bbox 353 737 1507 909; baseline -0.003 -15"><span class='ocrx_word' id='word_1_17' title='bbox 353 819 449 894; x_wconf 73' lang='lat' dir='ltr'><strong>duria</strong></span> <span class='ocrx_word' id='word_1_18' title='bbox 465 814 656 891; x_wconf 86' lang='lat' dir='ltr'><strong>Christiana</strong></span> <span class='ocrx_word' id='word_1_19' title='bbox 677 814 728 887; x_wconf 90' lang='lat' dir='ltr'><strong>est</strong></span> <span class='ocrx_word' id='word_1_20' title='bbox 740 820 857 888; x_wconf 82' lang='lat' dir='ltr'><strong>mentis</strong></span> <span class='ocrx_word' id='word_1_21' title='bbox 871 811 1027 904; x_wconf 70' lang='lat' dir='ltr'><strong>adfeitie,</strong></span> <span class='ocrx_word' id='word_1_22' title='bbox 1051 818 1118 886; x_wconf 82' lang='lat' dir='ltr'><strong>alte</strong></span> <span class='ocrx_word' id='word_1_23' title='bbox 1131 737 1256 908; x_wconf 45' lang='lat' dir='ltr'><strong>infixa,</strong></span> <span class='ocrx_word' id='word_1_24' title='bbox 1283 837 1367 909; x_wconf 79' lang='lat' dir='ltr'><strong><em>qua,</em></strong></span> <span class='ocrx_word' id='word_1_25' title='bbox 1392 823 1507 890; x_wconf 81' lang='lat' dir='ltr'><strong>anxie·</strong></span> 
     </span>
     <span class='ocr_line' id='line_1_4' title="bbox 355 908 1506 1008; baseline -0.003 -18"><span class='ocrx_word' id='word_1_26' title='bbox 355 932 423 990; x_wconf 82' lang='lat' dir='ltr'><strong>tete</strong></span> <span class='ocrx_word' id='word_1_27' title='bbox 449 915 490 1000; x_wconf 58' lang='lat' dir='ltr'><strong>{ff</strong></span> <span class='ocrx_word' id='word_1_28' title='bbox 511 929 598 986; x_wconf 83' lang='lat' dir='ltr'><strong>metu</strong></span> <span class='ocrx_word' id='word_1_29' title='bbox 611 911 764 1008; x_wconf 78' lang='lat' dir='ltr'><strong>sepefito,</strong></span> <span class='ocrx_word' id='word_1_30' title='bbox 790 911 937 1008; x_wconf 81' lang='lat' dir='ltr'><strong>quissese</strong></span> <span class='ocrx_word' id='word_1_31' title='bbox 951 915 1129 1005; x_wconf 79' lang='lat' dir='ltr'><em>tranquille</em></span> <span class='ocrx_word' id='word_1_32' title='bbox 1146 911 1188 992; x_wconf 53' lang='grc' dir='ltr'><strong>ἐξ</strong></span> <span class='ocrx_word' id='word_1_33' title='bbox 1200 908 1352 1008; x_wconf 76' lang='lat' dir='ltr'><strong>subrnrffe</strong></span> <span class='ocrx_word' id='word_1_34' title='bbox 1368 913 1438 986; x_wconf 88' lang='lat' dir='ltr'><strong>Dei</strong></span> <span class='ocrx_word' id='word_1_35' title='bbox 1452 937 1506 986; x_wconf 87' lang='lat' dir='ltr'><strong>cu·</strong></span> 
     </span>
     <span class='ocr_line' id='line_1_5' title="bbox 355 1006 1510 1103; baseline -0.002 -17"><span class='ocrx_word' id='word_1_36' title='bbox 355 1038 400 1086; x_wconf 80' lang='lat' dir='ltr'><strong>rae</strong></span> <span class='ocrx_word' id='word_1_37' title='bbox 412 1019 446 1085; x_wconf 76' lang='lat' dir='ltr'><strong>ire</strong></span> <span class='ocrx_word' id='word_1_38' title='bbox 457 1008 580 1103; x_wconf 83' lang='lat' dir='ltr'><strong>Christo</strong></span> <span class='ocrx_word' id='word_1_39' title='bbox 595 1015 790 1099; x_wconf 78' lang='lat' dir='ltr'><strong>committit,</strong></span> <span class='ocrx_word' id='word_1_40' title='bbox 800 1009 864 1101; x_wconf 82' lang='lat' dir='ltr'><strong>sub</strong></span> <span class='ocrx_word' id='word_1_41' title='bbox 878 1021 967 1092; x_wconf 81' lang='lat' dir='ltr'><strong>certa</strong></span> <span class='ocrx_word' id='word_1_42' title='bbox 972 1006 1033 1103; x_wconf 82' lang='lat' dir='ltr'><strong>spe</strong></span> <span class='ocrx_word' id='word_1_43' title='bbox 1047 1031 1120 1078; x_wconf 86' lang='lat' dir='ltr'><strong>rum</strong></span> <span class='ocrx_word' id='word_1_44' title='bbox 1133 1016 1213 1078; x_wconf 77' lang='lat' dir='ltr'><strong>vite</strong></span> <span class='ocrx_word' id='word_1_45' title='bbox 1227 1023 1372 1098; x_wconf 70' lang='lat' dir='ltr'><strong>eterne,</strong></span> <span class='ocrx_word' id='word_1_46' title='bbox 1382 1013 1510 1097; x_wconf 64' lang='lat' dir='ltr'><strong>ordine,</strong></span> 
     </span>
     <span class='ocr_line' id='line_1_6' title="bbox 357 1101 1506 1203; baseline -0.003 -18"><span class='ocrx_word' id='word_1_47' title='bbox 357 1134 379 1186; x_wconf 80' lang='lat' dir='ltr'><em>a</em></span> <span class='ocrx_word' id='word_1_48' title='bbox 400 1110 472 1182; x_wconf 87' lang='lat' dir='ltr'><strong>Deo</strong></span> <span class='ocrx_word' id='word_1_49' title='bbox 498 1105 690 1197; x_wconf 78' lang='lat' dir='ltr'><strong>constituto,</strong></span> <span class='ocrx_word' id='word_1_50' title='bbox 713 1105 952 1200; x_wconf 65' lang='lat' dir='ltr'><strong>consequendae,</strong></span> <span class='ocrx_word' id='word_1_51' title='bbox 969 1119 1039 1178; x_wconf 81' lang='lat' dir='ltr'><strong>tum</strong></span> <span class='ocrx_word' id='word_1_52' title='bbox 1053 1102 1235 1176; x_wconf 73' lang='lat' dir='ltr'><strong>diretiienis</strong></span> <span class='ocrx_word' id='word_1_53' title='bbox 1251 1101 1423 1198; x_wconf 80' lang='lat' dir='ltr'><strong>Paternoe,</strong></span> <span class='ocrx_word' id='word_1_54' title='bbox 1432 1122 1506 1203; x_wconf 79' lang='lat' dir='ltr'><strong>pre-</strong></span> 
     </span>
     <span class='ocr_line' id='line_1_7' title="bbox 357 1203 1120 1297; baseline -0.01 -17"><span class='ocrx_word' id='word_1_55' title='bbox 357 1204 461 1297; x_wconf 79' lang='lat' dir='ltr'><strong>misfis</strong></span> <span class='ocrx_word' id='word_1_56' title='bbox 478 1203 520 1286; x_wconf 54' lang='grc' dir='ltr'><em>ὃ</em></span> <span class='ocrx_word' id='word_1_57' title='bbox 534 1207 672 1276; x_wconf 76' lang='lat' dir='ltr'><strong>territari</strong></span> <span class='ocrx_word' id='word_1_58' title='bbox 686 1204 754 1296; x_wconf 79' lang='lat' dir='ltr'><strong>ejus</strong></span> <span class='ocrx_word' id='word_1_59' title='bbox 774 1226 829 1274; x_wconf 83' lang='lat' dir='ltr'><strong>ton</strong></span> <span class='ocrx_word' id='word_1_60' title='bbox 853 1225 930 1276; x_wconf 81' lang='lat' dir='ltr'><strong>rue.</strong></span> <span class='ocrx_word' id='word_1_61' title='bbox 1114 1212 1120 1217; x_wconf 80' lang='grc'><strong>’</strong></span> 
     </span>
    </p>

    <p class='ocr_par' dir='ltr' id='par_1_3' title="bbox 318 1227 1527 2459">
     <span class='ocr_line' id='line_1_8' title="bbox 318 1227 1507 1394; baseline 0.007 -24"><span class='ocrx_word' id='word_1_62' title='bbox 318 1322 323 1330; x_wconf 70' lang='grc'><em>’</em></span> <span class='ocrx_word' id='word_1_63' title='bbox 390 1307 439 1391; x_wconf 86' lang='lat'><strong>&#39;§.</strong></span> <span class='ocrx_word' id='word_1_64' title='bbox 454 1298 582 1373; x_wconf 86' lang='lat' dir='ltr'>XXIV.</span> <span class='ocrx_word' id='word_1_65' title='bbox 622 1300 693 1394; x_wconf 51' lang='lat' dir='ltr'><strong>Ad„</strong></span> <span class='ocrx_word' id='word_1_66' title='bbox 708 1300 797 1376; x_wconf 86' lang='lat' dir='ltr'><strong>hanc</strong></span> <span class='ocrx_word' id='word_1_67' title='bbox 812 1227 970 1392; x_wconf 45' lang='lat' dir='ltr'><strong>situatam</strong></span> <span class='ocrx_word' id='word_1_68' title='bbox 991 1319 1073 1374; x_wconf 88' lang='lat' dir='ltr'><strong>cum</strong></span> <span class='ocrx_word' id='word_1_69' title='bbox 1096 1313 1204 1393; x_wconf 84' lang='lat' dir='ltr'>poeta</span> <span class='ocrx_word' id='word_1_70' title='bbox 1224 1298 1389 1377; x_wconf 86' lang='lat' dir='ltr'><strong>lsraelem</strong></span> <span class='ocrx_word' id='word_1_71' title='bbox 1410 1301 1444 1376; x_wconf 64' lang='grc' dir='ltr'>ἃ</span> <span class='ocrx_word' id='word_1_72' title='bbox 1465 1306 1507 1379; x_wconf 88' lang='lat' dir='ltr'><strong>ti·</strong></span> 
     </span>
     <span class='ocr_line' id='line_1_9' title="bbox 359 1395 1507 1496; baseline 0 -22"><span class='ocrx_word' id='word_1_73' title='bbox 359 1414 496 1474; x_wconf 88' lang='lat' dir='ltr'><strong>mentes</strong></span> <span class='ocrx_word' id='word_1_74' title='bbox 518 1397 664 1489; x_wconf 83' lang='lat' dir='ltr'><strong>Jehovae</strong></span> <span class='ocrx_word' id='word_1_75' title='bbox 686 1398 913 1484; x_wconf 81' lang='lat' dir='ltr'>adhortatur,</span> <span class='ocrx_word' id='word_1_76' title='bbox 935 1395 1005 1468; x_wconf 87' lang='lat' dir='ltr'><strong>ssve</strong></span> <span class='ocrx_word' id='word_1_77' title='bbox 1020 1413 1061 1470; x_wconf 92' lang='lat' dir='ltr'><strong>ut</strong></span> <span class='ocrx_word' id='word_1_78' title='bbox 1073 1399 1324 1496; x_wconf 82' lang='lat' dir='ltr'><strong>negligentiam</strong></span> <span class='ocrx_word' id='word_1_79' title='bbox 1339 1401 1372 1472; x_wconf 77' lang='grc' dir='ltr'><strong>δι</strong></span> <span class='ocrx_word' id='word_1_80' title='bbox 1386 1415 1507 1494; x_wconf 87' lang='lat' dir='ltr'>torpo-</span> 
     </span>
     <span class='ocr_line' id='line_1_10' title="bbox 343 1493 1527 1591; baseline 0.002 -23"><span class='ocrx_word' id='word_1_81' title='bbox 343 1519 436 1575; x_wconf 78' lang='lat' dir='ltr'><strong>¹rem</strong></span> <span class='ocrx_word' id='word_1_82' title='bbox 460 1494 500 1567; x_wconf 91' lang='lat' dir='ltr'><strong>iis</strong></span> <span class='ocrx_word' id='word_1_83' title='bbox 521 1495 696 1581; x_wconf 82' lang='lat' dir='ltr'><strong>excutiat,</strong></span> <span class='ocrx_word' id='word_1_84' title='bbox 721 1493 792 1591; x_wconf 83' lang='lat' dir='ltr'><strong>five</strong></span> <span class='ocrx_word' id='word_1_85' title='bbox 817 1509 857 1566; x_wconf 87' lang='lat' dir='ltr'><strong>ut</strong></span> <span class='ocrx_word' id='word_1_86' title='bbox 871 1494 1096 1567; x_wconf 88' lang='lat' dir='ltr'><strong>currentibus</strong></span> <span class='ocrx_word' id='word_1_87' title='bbox 1111 1495 1203 1587; x_wconf 80' lang='lat' dir='ltr'>quast</span> <span class='ocrx_word' id='word_1_88' title='bbox 1218 1497 1364 1570; x_wconf 86' lang='lat' dir='ltr'><strong>calcaria</strong></span> <span class='ocrx_word' id='word_1_89' title='bbox 1379 1498 1527 1586; x_wconf 49' lang='lat' dir='ltr'>addats</span> 
     </span>
     <span class='ocr_line' id='line_1_11' title="bbox 358 1588 1509 1682; baseline 0.003 -18"><span class='ocrx_word' id='word_1_90' title='bbox 358 1592 466 1682; x_wconf 85' lang='lat' dir='ltr'>ficut,</span> <span class='ocrx_word' id='word_1_91' title='bbox 484 1612 546 1663; x_wconf 87' lang='lat' dir='ltr'><strong>eos</strong></span> <span class='ocrx_word' id='word_1_92' title='bbox 561 1591 597 1662; x_wconf 93' lang='lat' dir='ltr'><strong>in</strong></span> <span class='ocrx_word' id='word_1_93' title='bbox 614 1588 688 1664; x_wconf 88' lang='lat' dir='ltr'>solo</span> <span class='ocrx_word' id='word_1_94' title='bbox 704 1590 860 1682; x_wconf 86' lang='lat' dir='ltr'><strong>Jehova,</strong></span> <span class='ocrx_word' id='word_1_95' title='bbox 885 1589 1045 1664; x_wconf 86' lang='lat' dir='ltr'><strong>&amp;modo</strong></span> <span class='ocrx_word' id='word_1_96' title='bbox 1058 1589 1200 1679; x_wconf 88' lang='lat' dir='ltr'><strong>debito,</strong></span> <span class='ocrx_word' id='word_1_97' title='bbox 1223 1590 1384 1669; x_wconf 89' lang='lat' dir='ltr'><strong>fiduciam</strong></span> <span class='ocrx_word' id='word_1_98' title='bbox 1399 1594 1509 1668; x_wconf 88' lang='lat' dir='ltr'>collo·</span> 
     </span>
     <span class='ocr_line' id='line_1_12' title="bbox 360 1687 1509 1782; baseline 0.003 -20"><span class='ocrx_word' id='word_1_99' title='bbox 360 1711 460 1775; x_wconf 84' lang='lat' dir='ltr'><strong>care,</strong></span> <span class='ocrx_word' id='word_1_100' title='bbox 483 1688 579 1775; x_wconf 88' lang='lat' dir='ltr'>vult,</span> <span class='ocrx_word' id='word_1_101' title='bbox 597 1687 645 1758; x_wconf 90' lang='lat' dir='ltr'><strong>ita</strong></span> <span class='ocrx_word' id='word_1_102' title='bbox 659 1688 751 1760; x_wconf 85' lang='lat' dir='ltr'><strong>clare</strong></span> <span class='ocrx_word' id='word_1_103' title='bbox 765 1687 916 1774; x_wconf 87' lang='lat' dir='ltr'><strong>indicat,</strong></span> <span class='ocrx_word' id='word_1_104' title='bbox 943 1709 975 1761; x_wconf 89' lang='lat' dir='ltr'><strong>a.</strong></span> <span class='ocrx_word' id='word_1_105' title='bbox 995 1708 1058 1760; x_wconf 88' lang='lat' dir='ltr'><strong>eos</strong></span> <span class='ocrx_word' id='word_1_106' title='bbox 1076 1687 1145 1760; x_wconf 85' lang='lat' dir='ltr'><strong>hoc</strong></span> <span class='ocrx_word' id='word_1_107' title='bbox 1160 1688 1256 1782; x_wconf 77' lang='lat' dir='ltr'><strong>porse</strong></span> <span class='ocrx_word' id='word_1_108' title='bbox 1274 1690 1509 1780; x_wconf 85' lang='lat' dir='ltr'><strong>facere,cum</strong></span> 
     </span>
     <span class='ocr_line' id='line_1_13' title="bbox 359 1781 1511 1880; baseline 0 -20"><span class='ocrx_word' id='word_1_109' title='bbox 359 1786 425 1860; x_wconf 88' lang='lat' dir='ltr'><strong>fint</strong></span> <span class='ocrx_word' id='word_1_110' title='bbox 442 1785 594 1880; x_wconf 89' lang='lat' dir='ltr'><strong>populus</strong></span> <span class='ocrx_word' id='word_1_111' title='bbox 617 1781 707 1873; x_wconf 88' lang='lat' dir='ltr'><strong>Dei,</strong></span> <span class='ocrx_word' id='word_1_112' title='bbox 733 1784 862 1876; x_wconf 87' lang='lat' dir='ltr'><strong>&amp;ejus</strong></span> <span class='ocrx_word' id='word_1_113' title='bbox 883 1783 1060 1858; x_wconf 86' lang='lat' dir='ltr'><strong>timentes.</strong></span> <span class='ocrx_word' id='word_1_114' title='bbox 1087 1787 1127 1858; x_wconf 76' lang='lat' dir='ltr'><strong>ir.</strong></span> <span class='ocrx_word' id='word_1_115' title='bbox 1142 1786 1248 1857; x_wconf 82' lang='lat' dir='ltr'><strong>debere</strong></span> <span class='ocrx_word' id='word_1_116' title='bbox 1262 1785 1401 1873; x_wconf 86' lang='lat' dir='ltr'><strong>facere,</strong></span> <span class='ocrx_word' id='word_1_117' title='bbox 1428 1807 1511 1860; x_wconf 86' lang='lat' dir='ltr'><strong>curn</strong></span> 
     </span>
     <span class='ocr_line' id='line_1_14' title="bbox 360 1878 1511 1972; baseline -0.001 -16"><span class='ocrx_word' id='word_1_118' title='bbox 360 1883 401 1960; x_wconf 81' lang='lat' dir='ltr'><strong>stt</strong></span> <span class='ocrx_word' id='word_1_119' title='bbox 421 1878 577 1967; x_wconf 86' lang='lat' dir='ltr'><strong>officium</strong></span> <span class='ocrx_word' id='word_1_120' title='bbox 587 1879 674 1972; x_wconf 76' lang='lat' dir='ltr'><strong>ipsis</strong></span> <span class='ocrx_word' id='word_1_121' title='bbox 693 1880 925 1971; x_wconf 87' lang='lat' dir='ltr'><strong>incumbens,</strong></span> <span class='ocrx_word' id='word_1_122' title='bbox 949 1905 975 1955; x_wconf 83' lang='lat' dir='ltr'><strong>e.</strong></span> <span class='ocrx_word' id='word_1_123' title='bbox 993 1881 1112 1955; x_wconf 88' lang='lat' dir='ltr'><strong>multis</strong></span> <span class='ocrx_word' id='word_1_124' title='bbox 1125 1881 1338 1972; x_wconf 84' lang='lat' dir='ltr'><strong>rationibus,</strong></span> <span class='ocrx_word' id='word_1_125' title='bbox 1365 1883 1408 1956; x_wconf 90' lang='lat' dir='ltr'><strong>ab</strong></span> <span class='ocrx_word' id='word_1_126' title='bbox 1431 1883 1511 1958; x_wconf 91' lang='lat' dir='ltr'><strong>utili</strong></span> 
     </span>
     <span class='ocr_line' id='line_1_15' title="bbox 360 1976 1512 2071; baseline -0.003 -15"><span class='ocrx_word' id='word_1_127' title='bbox 360 1977 566 2070; x_wconf 87' lang='lat' dir='ltr'><strong>&amp;jucundo</strong></span> <span class='ocrx_word' id='word_1_128' title='bbox 576 1976 702 2065; x_wconf 83' lang='lat' dir='ltr'><strong>,etiam</strong></span> <span class='ocrx_word' id='word_1_129' title='bbox 718 1979 888 2071; x_wconf 88' lang='lat' dir='ltr'><strong>temporis</strong></span> <span class='ocrx_word' id='word_1_130' title='bbox 902 1976 1190 2070; x_wconf 83' lang='lat' dir='ltr'><strong>circumstantiis,</strong></span> <span class='ocrx_word' id='word_1_131' title='bbox 1206 1978 1448 2069; x_wconf 88' lang='lat' dir='ltr'><strong>desumendis,</strong></span> <span class='ocrx_word' id='word_1_132' title='bbox 1467 1979 1512 2052; x_wconf 81' lang='lat' dir='ltr'><strong>ad</strong></span> 
     </span>
     <span class='ocr_line' id='line_1_16' title="bbox 359 2071 1512 2173; baseline -0.001 -23"><span class='ocrx_word' id='word_1_133' title='bbox 359 2077 393 2150; x_wconf 91' lang='lat' dir='ltr'><strong>id</strong></span> <span class='ocrx_word' id='word_1_134' title='bbox 416 2073 574 2149; x_wconf 79' lang='lat' dir='ltr'><strong>excitari.</strong></span> <span class='ocrx_word' id='word_1_135' title='bbox 628 2071 725 2169; x_wconf 85' lang='lat' dir='ltr'><strong>Quas</strong></span> <span class='ocrx_word' id='word_1_136' title='bbox 741 2074 896 2172; x_wconf 85' lang='lat' dir='ltr'><strong>generali</strong></span> <span class='ocrx_word' id='word_1_137' title='bbox 911 2075 976 2148; x_wconf 91' lang='lat' dir='ltr'><strong>hac</strong></span> <span class='ocrx_word' id='word_1_138' title='bbox 988 2073 1121 2170; x_wconf 85' lang='lat' dir='ltr'><strong>phrafi,</strong></span> <span class='ocrx_word' id='word_1_139' title='bbox 1141 2081 1305 2149; x_wconf 78' lang='lat' dir='ltr'><strong>auxilinm</strong></span> <span class='ocrx_word' id='word_1_140' title='bbox 1322 2074 1366 2161; x_wconf 54' lang='grc' dir='ltr'><strong>ἐξ</strong></span> <span class='ocrx_word' id='word_1_141' title='bbox 1381 2081 1512 2173; x_wconf 69' lang='lat' dir='ltr'><strong>clypeus</strong></span> 
     </span>
     <span class='ocr_line' id='line_1_17' title="bbox 361 2167 1511 2268; baseline 0.003 -24"><span class='ocrx_word' id='word_1_142' title='bbox 361 2178 499 2268; x_wconf 71' lang='lat' dir='ltr'><strong>ipsorum</strong></span> <span class='ocrx_word' id='word_1_143' title='bbox 526 2167 619 2268; x_wconf 83' lang='lat' dir='ltr'><strong>ipse,</strong></span> <span class='ocrx_word' id='word_1_144' title='bbox 657 2169 939 2264; x_wconf 86' lang='lat' dir='ltr'><strong>comprehendit.</strong></span> <span class='ocrx_word' id='word_1_145' title='bbox 1004 2171 1183 2246; x_wconf 80' lang='lat' dir='ltr'><strong>Auxilium</strong></span> <span class='ocrx_word' id='word_1_146' title='bbox 1209 2195 1335 2248; x_wconf 89' lang='lat' dir='ltr'><strong>eorum</strong></span> <span class='ocrx_word' id='word_1_147' title='bbox 1358 2174 1511 2268; x_wconf 86' lang='lat' dir='ltr'><strong>adpellat</strong></span> 
     </span>
     <span class='ocr_line' id='line_1_18' title="bbox 360 2263 1515 2363; baseline 0.001 -20"><span class='ocrx_word' id='word_1_148' title='bbox 360 2269 502 2356; x_wconf 87' lang='lat' dir='ltr'><strong>Deum,</strong></span> <span class='ocrx_word' id='word_1_149' title='bbox 528 2265 624 2360; x_wconf 89' lang='lat' dir='ltr'>quod</span> <span class='ocrx_word' id='word_1_150' title='bbox 639 2263 680 2340; x_wconf 88' lang='lat' dir='ltr'><strong>fit</strong></span> <span class='ocrx_word' id='word_1_151' title='bbox 695 2268 795 2346; x_wconf 84' lang='lat' dir='ltr'><strong>Deus</strong></span> <span class='ocrx_word' id='word_1_152' title='bbox 809 2267 962 2363; x_wconf 88' lang='lat' dir='ltr'><strong>ipsorum</strong></span> <span class='ocrx_word' id='word_1_153' title='bbox 975 2265 1239 2362; x_wconf 82' lang='lat' dir='ltr'><strong>omnisuffiriens‚</strong></span> <span class='ocrx_word' id='word_1_154' title='bbox 1261 2273 1320 2363; x_wconf 89' lang='lat' dir='ltr'><strong>qui</strong></span> <span class='ocrx_word' id='word_1_155' title='bbox 1336 2294 1399 2346; x_wconf 85' lang='lat' dir='ltr'><strong>eos</strong></span> <span class='ocrx_word' id='word_1_156' title='bbox 1413 2272 1515 2346; x_wconf 88' lang='lat' dir='ltr'><strong>omni</strong></span> 
     </span>
     <span class='ocr_line' id='line_1_19' title="bbox 362 2363 1512 2459; baseline -0.003 -17"><span class='ocrx_word' id='word_1_157' title='bbox 362 2367 468 2459; x_wconf 88' lang='lat' dir='ltr'><strong>copia</strong></span> <span class='ocrx_word' id='word_1_158' title='bbox 489 2365 667 2439; x_wconf 89' lang='lat' dir='ltr'><strong>bonorum</strong></span> <span class='ocrx_word' id='word_1_159' title='bbox 689 2364 821 2440; x_wconf 88' lang='lat' dir='ltr'><strong>donare</strong></span> <span class='ocrx_word' id='word_1_160' title='bbox 839 2363 938 2459; x_wconf 85' lang='lat' dir='ltr'>poffit</span> <span class='ocrx_word' id='word_1_161' title='bbox 954 2368 988 2440; x_wconf 74' lang='grc' dir='ltr'><strong>δε</strong></span> <span class='ocrx_word' id='word_1_162' title='bbox 1003 2367 1103 2439; x_wconf 87' lang='lat' dir='ltr'><strong>velit.</strong></span> <span class='ocrx_word' id='word_1_163' title='bbox 1153 2366 1336 2441; x_wconf 86' lang='lat' dir='ltr'><strong>Primitiva</strong></span> <span class='ocrx_word' id='word_1_164' title='bbox 1350 2366 1445 2442; x_wconf 89' lang='lat' dir='ltr'><strong>enim</strong></span> <span class='ocrx_word' id='word_1_165' title='bbox 1459 2389 1512 2440; x_wconf 86' lang='lat' dir='ltr'><strong>ra·</strong></span> 
     </span>
    </p>
   </div>
   <div class='ocr_carea' id='block_1_3' title="bbox 255 2458 1514 2558">
    <p class='ocr_par' dir='ltr' id='par_1_4' title="bbox 255 2458 1514 2558">
     <span class='ocr_line' id='line_1_20' title="bbox 255 2458 1514 2558; baseline 0.001 -22"><span class='ocrx_word' id='word_1_166' title='bbox 255 2551 257 2554; x_wconf 17' lang='lat'>¹</span> <span class='ocrx_word' id='word_1_167' title='bbox 362 2462 448 2536; x_wconf 87' lang='lat' dir='ltr'><strong>dicis</strong></span> <span class='ocrx_word' id='word_1_168' title='bbox 471 2489 518 2548; x_wconf 64' lang='lat' dir='ltr'><strong>ny</strong></span> <span class='ocrx_word' id='word_1_169' title='bbox 533 2460 685 2556; x_wconf 85' lang='lat' dir='ltr'>potestas</span> <span class='ocrx_word' id='word_1_170' title='bbox 703 2458 774 2549; x_wconf 85' lang='lat' dir='ltr'><strong>est,</strong></span> <span class='ocrx_word' id='word_1_171' title='bbox 798 2460 914 2558; x_wconf 82' lang='lat' dir='ltr'><strong>copiose</strong></span> <span class='ocrx_word' id='word_1_172' title='bbox 921 2460 1049 2557; x_wconf 79' lang='lat' dir='ltr'><strong>fluxit,</strong></span> <span class='ocrx_word' id='word_1_173' title='bbox 1074 2465 1277 2552; x_wconf 68' lang='lat' dir='ltr'><strong>abundante,</strong></span> <span class='ocrx_word' id='word_1_174' title='bbox 1301 2463 1514 2557; x_wconf 86' lang='lat' dir='ltr'><strong>&amp;frequen-</strong></span> 
     </span>
    </p>
   </div>
   <div class='ocr_carea' id='block_1_4' title="bbox 288 2555 1593 3332">
    <p class='ocr_par' dir='ltr' id='par_1_5' title="bbox 288 2555 1593 3139">
     <span class='ocr_line' id='line_1_21' title="bbox 362 2555 1515 2655; baseline -0.004 -16"><span class='ocrx_word' id='word_1_175' title='bbox 362 2575 460 2639; x_wconf 86' lang='lat' dir='ltr'>tatur</span> <span class='ocrx_word' id='word_1_176' title='bbox 472 2559 509 2634; x_wconf 90' lang='lat' dir='ltr'><strong>in</strong></span> <span class='ocrx_word' id='word_1_177' title='bbox 524 2562 616 2644; x_wconf 75' lang='lat' dir='ltr'><strong>ubere</strong></span> <span class='ocrx_word' id='word_1_178' title='bbox 631 2563 784 2632; x_wconf 75' lang='lat' dir='ltr'><strong>animatis</strong></span> <span class='ocrx_word' id='word_1_179' title='bbox 798 2563 938 2655; x_wconf 81' lang='lat' dir='ltr'><strong>largiter</strong></span> <span class='ocrx_word' id='word_1_180' title='bbox 946 2555 1085 2652; x_wconf 83' lang='lat' dir='ltr'><strong>fluente.</strong></span> <span class='ocrx_word' id='word_1_181' title='bbox 1147 2559 1286 2655; x_wconf 71' lang='lat' dir='ltr'><strong>clypeus</strong></span> <span class='ocrx_word' id='word_1_182' title='bbox 1301 2582 1392 2634; x_wconf 88' lang='lat' dir='ltr'><strong>vero</strong></span> <span class='ocrx_word' id='word_1_183' title='bbox 1407 2582 1515 2634; x_wconf 87' lang='lat' dir='ltr'><strong>voca·</strong></span> 
     </span>
     <span class='ocr_line' id='line_1_22' title="bbox 361 2654 1516 2752; baseline -0.002 -19"><span class='ocrx_word' id='word_1_184' title='bbox 361 2673 442 2748; x_wconf 84' lang='lat' dir='ltr'><strong>tur,</strong></span> <span class='ocrx_word' id='word_1_185' title='bbox 464 2672 638 2750; x_wconf 85' lang='lat' dir='ltr'><strong>quatenus</strong></span> <span class='ocrx_word' id='word_1_186' title='bbox 662 2678 789 2730; x_wconf 89' lang='lat' dir='ltr'><strong>eorum</strong></span> <span class='ocrx_word' id='word_1_187' title='bbox 810 2655 992 2750; x_wconf 71' lang='lat' dir='ltr'><strong>proteiior</strong></span> <span class='ocrx_word' id='word_1_188' title='bbox 1006 2654 1047 2731; x_wconf 91' lang='lat' dir='ltr'><strong>fit</strong></span> <span class='ocrx_word' id='word_1_189' title='bbox 1061 2659 1095 2732; x_wconf 70' lang='grc' dir='ltr'><strong>δι</strong></span> <span class='ocrx_word' id='word_1_190' title='bbox 1108 2655 1273 2730; x_wconf 86' lang='lat' dir='ltr'><strong>defensor</strong></span> <span class='ocrx_word' id='word_1_191' title='bbox 1287 2654 1516 2752; x_wconf 79' lang='lat' dir='ltr'><strong>paratissimus</strong></span> 
     </span>
     <span class='ocr_line' id='line_1_23' title="bbox 363 2750 1517 2849; baseline 0.001 -20"><span class='ocrx_word' id='word_1_192' title='bbox 363 2753 397 2829; x_wconf 88' lang='lat'>&amp;</span> <span class='ocrx_word' id='word_1_193' title='bbox 419 2751 693 2848; x_wconf 88' lang='lat' dir='ltr'><strong>potentiffimus:</strong></span> <span class='ocrx_word' id='word_1_194' title='bbox 719 2753 780 2845; x_wconf 92' lang='lat' dir='ltr'><strong>qui</strong></span> <span class='ocrx_word' id='word_1_195' title='bbox 802 2755 890 2826; x_wconf 83' lang='lat' dir='ltr'><strong>mala</strong></span> <span class='ocrx_word' id='word_1_196' title='bbox 904 2755 1105 2849; x_wconf 86' lang='lat' dir='ltr'><strong>ingruentia</strong></span> <span class='ocrx_word' id='word_1_197' title='bbox 1126 2750 1291 2828; x_wconf 83' lang='lat' dir='ltr'><strong>avertere</strong></span> <span class='ocrx_word' id='word_1_198' title='bbox 1311 2755 1346 2828; x_wconf 91' lang='lat'>&amp;</span> <span class='ocrx_word' id='word_1_199' title='bbox 1363 2751 1517 2830; x_wconf 86' lang='lat' dir='ltr'><strong>hostium</strong></span> 
     </span>
     <span class='ocr_line' id='line_1_24' title="bbox 365 2847 1593 2950; baseline -0.002 -28"><span class='ocrx_word' id='word_1_200' title='bbox 365 2850 730 2942; x_wconf 83' lang='lat' dir='ltr'><strong>insultusreprimere</strong></span> <span class='ocrx_word' id='word_1_201' title='bbox 755 2847 895 2943; x_wconf 84' lang='lat' dir='ltr'>potest,</span> <span class='ocrx_word' id='word_1_202' title='bbox 924 2849 958 2924; x_wconf 69' lang='grc' dir='ltr'>ἃ</span> <span class='ocrx_word' id='word_1_203' title='bbox 983 2852 1071 2926; x_wconf 89' lang='lat' dir='ltr'>vult.</span> <span class='ocrx_word' id='word_1_204' title='bbox 1119 2850 1335 2950; x_wconf 70' lang='lat' dir='ltr'><strong>Quaequam</strong></span> <span class='ocrx_word' id='word_1_205' title='bbox 1358 2850 1518 2926; x_wconf 81' lang='lat' dir='ltr'><strong>efficaces</strong></span> <span class='ocrx_word' id='word_1_206' title='bbox 1588 2905 1593 2919; x_wconf 76' lang='grc'><strong>,</strong></span> 
     </span>
     <span class='ocr_line' id='line_1_25' title="bbox 288 2941 1586 3050; baseline 0.002 -30"><span class='ocrx_word' id='word_1_207' title='bbox 288 2993 290 2997; x_wconf 92' lang='grc'><strong>-</strong></span> <span class='ocrx_word' id='word_1_208' title='bbox 360 2945 434 3020; x_wconf 85' lang='lat' dir='ltr'><strong>-fint</strong></span> <span class='ocrx_word' id='word_1_209' title='bbox 461 2945 615 3028; x_wconf 83' lang='lat' dir='ltr'><strong>rationes</strong></span> <span class='ocrx_word' id='word_1_210' title='bbox 637 2945 680 3018; x_wconf 84' lang='lat' dir='ltr'><strong>ad</strong></span> <span class='ocrx_word' id='word_1_211' title='bbox 693 2941 851 3039; x_wconf 79' lang='lat' dir='ltr'><strong>fiduciam</strong></span> <span class='ocrx_word' id='word_1_212' title='bbox 878 2948 1166 3041; x_wconf 74' lang='lat' dir='ltr'><strong>producendum,</strong></span> <span class='ocrx_word' id='word_1_213' title='bbox 1193 2971 1296 3040; x_wconf 83' lang='lat' dir='ltr'><strong>quern</strong></span> <span class='ocrx_word' id='word_1_214' title='bbox 1317 2947 1425 3022; x_wconf 85' lang='lat' dir='ltr'>solida</span> <span class='ocrx_word' id='word_1_215' title='bbox 1446 2949 1517 3023; x_wconf 85' lang='lat' dir='ltr'><strong>fint</strong></span> <span class='ocrx_word' id='word_1_216' title='bbox 1581 3040 1586 3050; x_wconf 35' lang='grc'><strong>,</strong></span> 
     </span>
     <span class='ocr_line' id='line_1_26' title="bbox 365 3042 1520 3139; baseline -0.002 -19"><span class='ocrx_word' id='word_1_217' title='bbox 365 3045 410 3120; x_wconf 82' lang='lat' dir='ltr'><strong>ed</strong></span> <span class='ocrx_word' id='word_1_218' title='bbox 423 3065 500 3117; x_wconf 89' lang='lat' dir='ltr'><strong>eam</strong></span> <span class='ocrx_word' id='word_1_219' title='bbox 517 3042 729 3118; x_wconf 87' lang='lat' dir='ltr'><strong>fundandam</strong></span> <span class='ocrx_word' id='word_1_220' title='bbox 744 3042 994 3134; x_wconf 86' lang='lat' dir='ltr'><strong>fundamenta,</strong></span> <span class='ocrx_word' id='word_1_221' title='bbox 1019 3046 1152 3122; x_wconf 89' lang='lat' dir='ltr'><strong>nemini</strong></span> <span class='ocrx_word' id='word_1_222' title='bbox 1165 3069 1240 3120; x_wconf 92' lang='lat' dir='ltr'><strong>non</strong></span> <span class='ocrx_word' id='word_1_223' title='bbox 1255 3060 1363 3139; x_wconf 88' lang='lat' dir='ltr'>patet.</span> <span class='ocrx_word' id='word_1_224' title='bbox 1414 3043 1520 3118; x_wconf 84' lang='lat' dir='ltr'><strong>Cete-</strong></span> 
     </span>
    </p>

    <p class='ocr_par' dir='ltr' id='par_1_6' title="bbox 365 3137 1520 3332">
     <span class='ocr_line' id='line_1_27' title="bbox 366 3137 1518 3233; baseline -0.003 -15"><span class='ocrx_word' id='word_1_225' title='bbox 366 3165 445 3225; x_wconf 82' lang='lat' dir='ltr'><strong>rum</strong></span> <span class='ocrx_word' id='word_1_226' title='bbox 469 3140 512 3214; x_wconf 85' lang='lat' dir='ltr'><strong>ad</strong></span> <span class='ocrx_word' id='word_1_227' title='bbox 535 3139 704 3216; x_wconf 89' lang='lat' dir='ltr'><strong>orationis</strong></span> <span class='ocrx_word' id='word_1_228' title='bbox 726 3137 930 3217; x_wconf 70' lang='lat' dir='ltr'><strong>struituram</strong></span> <span class='ocrx_word' id='word_1_229' title='bbox 953 3144 1060 3233; x_wconf 88' lang='lat' dir='ltr'>facit,</span> <span class='ocrx_word' id='word_1_230' title='bbox 1099 3143 1234 3218; x_wconf 85' lang='lat' dir='ltr'><strong>notaffe</strong></span> <span class='ocrx_word' id='word_1_231' title='bbox 1254 3142 1405 3217; x_wconf 90' lang='lat' dir='ltr'><strong>subitum</strong></span> <span class='ocrx_word' id='word_1_232' title='bbox 1428 3141 1518 3224; x_wconf 59' lang='lat' dir='ltr'><strong>ase,-</strong></span> 
     </span>
     <span class='ocr_line' id='line_1_28' title="bbox 365 3237 1520 3332; baseline -0.001 -18"><span class='ocrx_word' id='word_1_233' title='bbox 365 3239 482 3332; x_wconf 76' lang='lat' dir='ltr'><strong>tunda</strong></span> <span class='ocrx_word' id='word_1_234' title='bbox 503 3238 545 3312; x_wconf 87' lang='lat' dir='ltr'><strong>ad</strong></span> <span class='ocrx_word' id='word_1_235' title='bbox 564 3239 703 3313; x_wconf 83' lang='lat' dir='ltr'><strong>tertiam</strong></span> <span class='ocrx_word' id='word_1_236' title='bbox 722 3237 906 3330; x_wconf 84' lang='lat' dir='ltr'><strong>personam</strong></span> <span class='ocrx_word' id='word_1_237' title='bbox 923 3242 1137 3316; x_wconf 48' lang='lat' dir='ltr'><strong>transitumn</strong></span> <span class='ocrx_word' id='word_1_238' title='bbox 1150 3263 1230 3316; x_wconf 88' lang='lat' dir='ltr'><strong>cum</strong></span> <span class='ocrx_word' id='word_1_239' title='bbox 1246 3241 1363 3330; x_wconf 85' lang='lat' dir='ltr'><strong>enim,</strong></span> <span class='ocrx_word' id='word_1_240' title='bbox 1387 3238 1520 3313; x_wconf 86' lang='lat' dir='ltr'><strong>sermo·</strong></span> 
     </span>
    </p>
   </div>
   <div class='ocr_carea' id='block_1_5' title="bbox 258 3332 1520 3432">
    <p class='ocr_par' dir='ltr' id='par_1_7' title="bbox 258 3332 1520 3432">
     <span class='ocr_line' id='line_1_29' title="bbox 258 3332 1520 3432; baseline 0.002 -26"><span class='ocrx_word' id='word_1_241' title='bbox 258 3399 263 3406; x_wconf 91' lang='lat'>.</span> <span class='ocrx_word' id='word_1_242' title='bbox 368 3336 481 3416; x_wconf 80' lang='lat' dir='ltr'><strong>need</strong></span> <span class='ocrx_word' id='word_1_243' title='bbox 506 3357 568 3408; x_wconf 88' lang='lat' dir='ltr'><strong>eos</strong></span> <span class='ocrx_word' id='word_1_244' title='bbox 590 3333 789 3424; x_wconf 84' lang='lat' dir='ltr'><strong>converso,</strong></span> <span class='ocrx_word' id='word_1_245' title='bbox 814 3335 950 3410; x_wconf 82' lang='lat' dir='ltr'><strong>dixiffet</strong></span> <span class='ocrx_word' id='word_1_246' title='bbox 974 3337 1125 3412; x_wconf 87' lang='lat' dir='ltr'><strong>secunda</strong></span> <span class='ocrx_word' id='word_1_247' title='bbox 1145 3336 1317 3432; x_wconf 84' lang='lat' dir='ltr'><strong>persona,</strong></span> <span class='ocrx_word' id='word_1_248' title='bbox 1349 3332 1520 3430; x_wconf 78' lang='lat' dir='ltr'><strong>confidite,</strong></span> 
     </span>
    </p>
   </div>
   <div class='ocr_carea' id='block_1_6' title="bbox 356 3431 1606 3728">
    <p class='ocr_par' dir='ltr' id='par_1_8' title="bbox 356 3431 1606 3728">
     <span class='ocr_line' id='line_1_30' title="bbox 368 3431 1522 3531; baseline -0.003 -21"><span class='ocrx_word' id='word_1_249' title='bbox 368 3455 453 3510; x_wconf 82' lang='lat' dir='ltr'><strong>mox</strong></span> <span class='ocrx_word' id='word_1_250' title='bbox 476 3432 519 3503; x_wconf 93' lang='lat' dir='ltr'><strong>de</strong></span> <span class='ocrx_word' id='word_1_251' title='bbox 543 3431 585 3505; x_wconf 86' lang='lat' dir='ltr'><strong>iis</strong></span> <span class='ocrx_word' id='word_1_252' title='bbox 605 3432 641 3504; x_wconf 86' lang='lat' dir='ltr'><strong>in</strong></span> <span class='ocrx_word' id='word_1_253' title='bbox 663 3435 764 3504; x_wconf 83' lang='lat' dir='ltr'><strong>tertia</strong></span> <span class='ocrx_word' id='word_1_254' title='bbox 787 3433 925 3530; x_wconf 65' lang='lat' dir='ltr'><strong>pergit,</strong></span> <span class='ocrx_word' id='word_1_255' title='bbox 947 3439 1111 3508; x_wconf 82' lang='lat' dir='ltr'><strong>auxilinm</strong></span> <span class='ocrx_word' id='word_1_256' title='bbox 1126 3459 1233 3508; x_wconf 82' lang='lat' dir='ltr'><strong>eorum</strong></span> <span class='ocrx_word' id='word_1_257' title='bbox 1249 3431 1312 3527; x_wconf 82' lang='lat' dir='ltr'><strong>ipse</strong></span> <span class='ocrx_word' id='word_1_258' title='bbox 1326 3431 1381 3522; x_wconf 81' lang='lat' dir='ltr'><strong>est.</strong></span> <span class='ocrx_word' id='word_1_259' title='bbox 1431 3433 1522 3531; x_wconf 82' lang='lat' dir='ltr'><strong>Quae</strong></span> 
     </span>
     <span class='ocr_line' id='line_1_31' title="bbox 370 3529 1522 3624; baseline 0.008 -25"><span class='ocrx_word' id='word_1_260' title='bbox 370 3529 599 3624; x_wconf 86' lang='lat' dir='ltr'><strong>personarum</strong></span> <span class='ocrx_word' id='word_1_261' title='bbox 615 3529 764 3601; x_wconf 86' lang='lat' dir='ltr'><strong>mutatio</strong></span> <span class='ocrx_word' id='word_1_262' title='bbox 782 3552 857 3604; x_wconf 87' lang='lat' dir='ltr'><strong>rara</strong></span> <span class='ocrx_word' id='word_1_263' title='bbox 871 3549 945 3604; x_wconf 90' lang='lat' dir='ltr'><strong>non</strong></span> <span class='ocrx_word' id='word_1_264' title='bbox 961 3529 1012 3606; x_wconf 88' lang='lat' dir='ltr'><strong>est</strong></span> <span class='ocrx_word' id='word_1_265' title='bbox 1026 3532 1061 3605; x_wconf 93' lang='lat' dir='ltr'><strong>in</strong></span> <span class='ocrx_word' id='word_1_266' title='bbox 1074 3530 1166 3623; x_wconf 84' lang='lat' dir='ltr'>stylo</span> <span class='ocrx_word' id='word_1_267' title='bbox 1179 3529 1435 3619; x_wconf 79' lang='lat' dir='ltr'><strong>onentis,nec</strong></span> <span class='ocrx_word' id='word_1_268' title='bbox 1449 3553 1522 3608; x_wconf 88' lang='lat' dir='ltr'><strong>etn-</strong></span> 
     </span>
     <span class='ocr_line' id='line_1_32' title="bbox 356 3624 1606 3728; baseline 0.002 -31"><span class='ocrx_word' id='word_1_269' title='bbox 356 3625 465 3721; x_wconf 85' lang='lat' dir='ltr'><strong>-phasr</strong></span> <span class='ocrx_word' id='word_1_270' title='bbox 486 3626 702 3722; x_wconf 80' lang='lat' dir='ltr'><strong>elegantieve</strong></span> <span class='ocrx_word' id='word_1_271' title='bbox 726 3641 840 3704; x_wconf 87' lang='lat' dir='ltr'><strong>caret:</strong></span> <span class='ocrx_word' id='word_1_272' title='bbox 865 3625 935 3698; x_wconf 78' lang='lat' dir='ltr'><strong>sive</strong></span> <span class='ocrx_word' id='word_1_273' title='bbox 950 3627 991 3701; x_wconf 85' lang='lat' dir='ltr'><strong>fit</strong></span> <span class='ocrx_word' id='word_1_274' title='bbox 1006 3651 1072 3720; x_wconf 90' lang='lat' dir='ltr'><strong>pro</strong></span> <span class='ocrx_word' id='word_1_275' title='bbox 1085 3627 1224 3728; x_wconf 68' lang='lat' dir='ltr'><strong>ipserum</strong></span> <span class='ocrx_word' id='word_1_276' title='bbox 1239 3624 1405 3719; x_wconf 75' lang='lat' dir='ltr'><strong>vestrum,</strong></span> <span class='ocrx_word' id='word_1_277' title='bbox 1429 3627 1521 3718; x_wconf 89' lang='lat' dir='ltr'><strong>five,</strong></span> <span class='ocrx_word' id='word_1_278' title='bbox 1602 3719 1606 3725; x_wconf 14' lang='grc' dir='ltr'>ι</span> 
     </span>
    </p>
   </div>
   <div class='ocr_carea' id='block_1_7' title="bbox 184 3721 1522 3816">
    <p class='ocr_par' dir='ltr' id='par_1_9' title="bbox 184 3721 1522 3816">
     <span class='ocr_line' id='line_1_33' title="bbox 184 3721 1522 3816; baseline 0 -18"><span class='ocrx_word' id='word_1_279' title='bbox 184 3767 186 3771; x_wconf 57' lang='lat'>&lt;</span> <span class='ocrx_word' id='word_1_280' title='bbox 253 3809 254 3812; x_wconf 8' lang='grc' dir='ltr'><strong>Ἴ</strong></span> <span class='ocrx_word' id='word_1_281' title='bbox 374 3721 446 3800; x_wconf 85' lang='lat' dir='ltr'><strong>sese</strong></span> <span class='ocrx_word' id='word_1_282' title='bbox 472 3721 566 3795; x_wconf 72' lang='lat' dir='ltr'><strong>reite</strong></span> <span class='ocrx_word' id='word_1_283' title='bbox 588 3743 650 3795; x_wconf 90' lang='lat' dir='ltr'><strong>eos</strong></span> <span class='ocrx_word' id='word_1_284' title='bbox 671 3722 713 3794; x_wconf 83' lang='lat' dir='ltr'><strong>ad</strong></span> <span class='ocrx_word' id='word_1_285' title='bbox 734 3723 824 3796; x_wconf 84' lang='lat' dir='ltr'><strong>hanc</strong></span> <span class='ocrx_word' id='word_1_286' title='bbox 847 3721 1010 3798; x_wconf 82' lang='lat' dir='ltr'><strong>fiduciam</strong></span> <span class='ocrx_word' id='word_1_287' title='bbox 1024 3725 1172 3799; x_wconf 90' lang='lat' dir='ltr'><strong>incitare</strong></span> <span class='ocrx_word' id='word_1_288' title='bbox 1186 3724 1326 3816; x_wconf 88' lang='lat' dir='ltr'><strong>publice</strong></span> <span class='ocrx_word' id='word_1_289' title='bbox 1342 3746 1522 3816; x_wconf 83' lang='lat' dir='ltr'><strong>exponere</strong></span> 
     </span>
    </p>
   </div>
   <div class='ocr_carea' id='block_1_8' title="bbox 330 3815 1524 4110">
    <p class='ocr_par' dir='ltr' id='par_1_10' title="bbox 330 3815 1524 4110">
     <span class='ocr_line' id='line_1_34' title="bbox 374 3815 1523 3920; baseline -0.001 -26"><span class='ocrx_word' id='word_1_290' title='bbox 374 3819 492 3907; x_wconf 87' lang='lat' dir='ltr'><strong>velle,</strong></span> <span class='ocrx_word' id='word_1_291' title='bbox 507 3815 693 3915; x_wconf 75' lang='lat' dir='ltr'><strong>significet:</strong></span> <span class='ocrx_word' id='word_1_292' title='bbox 716 3818 784 3892; x_wconf 82' lang='lat' dir='ltr'><strong>aest</strong></span> <span class='ocrx_word' id='word_1_293' title='bbox 800 3821 1012 3910; x_wconf 87' lang='lat' dir='ltr'><strong>haberetur,</strong></span> <span class='ocrx_word' id='word_1_294' title='bbox 1019 3824 1116 3918; x_wconf 78' lang='lat' dir='ltr'><strong>fidite</strong></span> <span class='ocrx_word' id='word_1_295' title='bbox 1132 3817 1293 3920; x_wconf 75' lang='lat' dir='ltr'><strong>Jehovae3</strong></span> <span class='ocrx_word' id='word_1_296' title='bbox 1319 3822 1414 3914; x_wconf 89' lang='lat' dir='ltr'>quod</span> <span class='ocrx_word' id='word_1_297' title='bbox 1429 3820 1523 3893; x_wconf 70' lang='lat' dir='ltr'><strong>reite</strong></span> 
     </span>
     <span class='ocr_line' id='line_1_35' title="bbox 330 3915 1524 4110; baseline 0.04 -170"><span class='ocrx_word' id='word_1_298' title='bbox 330 3935 331 3940; x_wconf 12' lang='lat' dir='ltr'><strong>r</strong></span> <span class='ocrx_word' id='word_1_299' title='bbox 377 3915 520 4012; x_wconf 76' lang='lat' dir='ltr'><strong>possunt</strong></span> <span class='ocrx_word' id='word_1_300' title='bbox 543 3916 575 3990; x_wconf 72' lang='grc' dir='ltr'><strong>δι</strong></span> <span class='ocrx_word' id='word_1_301' title='bbox 596 3915 750 4009; x_wconf 88' lang='lat' dir='ltr'><strong>debent,</strong></span> <span class='ocrx_word' id='word_1_302' title='bbox 776 3919 920 4073; x_wconf 23' lang='lat' dir='ltr'><strong>cumtfit</strong></span> <span class='ocrx_word' id='word_1_303' title='bbox 939 3926 1105 3996; x_wconf 74' lang='lat' dir='ltr'><strong>auritium</strong></span> <span class='ocrx_word' id='word_1_304' title='bbox 1125 3925 1231 4029; x_wconf 80' lang='lat' dir='ltr'><strong>eorum</strong></span> <span class='ocrx_word' id='word_1_305' title='bbox 1247 3919 1314 3996; x_wconf 71' lang='lat' dir='ltr'><strong>&amp;e</strong></span> <span class='ocrx_word' id='word_1_306' title='bbox 1349 3917 1524 4110; x_wconf 46' lang='lat' dir='ltr'><strong>&amp;epigri</strong></span> 
     </span>
    </p>
   </div>
   <div class='ocr_carea' id='block_1_9' title="bbox 0 0 2027 5159">
    <p class='ocr_par' dir='ltr' id='par_1_11' title="bbox 0 0 2027 5159">
     <span class='ocr_line' id='line_1_36' title="bbox 0 0 2027 5159; baseline 0 0"><span class='ocrx_word' id='word_1_307' title='bbox 0 0 2027 5159; x_wconf 95' lang='lat' dir='ltr'><strong> </strong></span> 
     </span>
    </p>
   </div>
  </div>
 </body>
</html>
