<?xml version="1.0" encoding="UTF-8"?>
<!DOCTYPE html PUBLIC "-//W3C//DTD XHTML 1.0 Transitional//EN"
    "http://www.w3.org/TR/xhtml1/DTD/xhtml1-transitional.dtd">
<html xmlns="http://www.w3.org/1999/xhtml" xml:lang="en" lang="en">
 <head>
  <title>
</title>
<meta http-equiv="Content-Type" content="text/html;charset=utf-8" />
  <meta name='ocr-system' content='tesseract 3.04.00' />
  <meta name='ocr-capabilities' content='ocr_page ocr_carea ocr_par ocr_line ocrx_word'/>
</head>
<body>
  <div class='ocr_page' id='page_1' title='image "./hermannivenemac03venegoog_0267.png"; bbox 0 0 3984 5159; ppageno 0'>
   <div class='ocr_carea' id='block_1_1' title="bbox 503 498 1527 631">
    <p class='ocr_par' dir='ltr' id='par_1_1' title="bbox 503 498 1527 631">
     <span class='ocr_line' id='line_1_1' title="bbox 503 498 1527 631; baseline -0.01 -43"><span class='ocrx_word' id='word_1_1' title='bbox 503 530 609 629; x_wconf 47' lang='grc' dir='ltr'><strong>...ψ</strong></span> <span class='ocrx_word' id='word_1_2' title='bbox 659 588 663 595; x_wconf 81' lang='grc'><strong>,</strong></span> <span class='ocrx_word' id='word_1_3' title='bbox 712 498 1527 631; x_wconf 70' lang='lat' dir='ltr'><strong>eonstrxnrnnrus</strong></span> 
     </span>
    </p>
   </div>
   <div class='ocr_carea' id='block_1_2' title="bbox 608 702 1700 863">
    <p class='ocr_par' dir='ltr' id='par_1_2' title="bbox 608 702 1700 863">
     <span class='ocr_line' id='line_1_2' title="bbox 608 702 1700 863; baseline -0.027 0"><span class='ocrx_word' id='word_1_4' title='bbox 608 702 1700 863; x_wconf 47' lang='lat' dir='ltr'><strong>e‘xrar&#39;cnrross</strong></span> 
     </span>
    </p>
   </div>
   <div class='ocr_carea' id='block_1_3' title="bbox 432 989 1704 1289">
    <p class='ocr_par' dir='ltr' id='par_1_3' title="bbox 432 989 1704 1289">
     <span class='ocr_line' id='line_1_3' title="bbox 545 989 1704 1101; baseline -0.015 -21"><span class='ocrx_word' id='word_1_5' title='bbox 545 1032 550 1047; x_wconf 90' lang='lat'><em>·</em></span> <span class='ocrx_word' id='word_1_6' title='bbox 588 1012 623 1101; x_wconf 83' lang='lat'><strong>§.</strong></span> <span class='ocrx_word' id='word_1_7' title='bbox 644 1002 723 1079; x_wconf 90' lang='lat' dir='ltr'><strong>Xll.</strong></span> <span class='ocrx_word' id='word_1_8' title='bbox 756 996 922 1074; x_wconf 80' lang='lat' dir='ltr'><strong>Praefatio</strong></span> <span class='ocrx_word' id='word_1_9' title='bbox 948 994 998 1069; x_wconf 87' lang='lat' dir='ltr'><strong>ita</strong></span> <span class='ocrx_word' id='word_1_10' title='bbox 1028 990 1160 1081; x_wconf 91' lang='lat' dir='ltr'><strong>sonat,</strong></span> <span class='ocrx_word' id='word_1_11' title='bbox 1185 990 1277 1067; x_wconf 91' lang='lat' dir='ltr'><strong>vers.</strong></span> <span class='ocrx_word' id='word_1_12' title='bbox 1297 1014 1328 1067; x_wconf 88' lang='lat'><strong>1.</strong></span> <span class='ocrx_word' id='word_1_13' title='bbox 1361 989 1544 1090; x_wconf 83' lang='lat' dir='ltr'><strong>Jehovam,</strong></span> <span class='ocrx_word' id='word_1_14' title='bbox 1577 1012 1649 1063; x_wconf 84' lang='lat' dir='ltr'><strong>cum</strong></span> <span class='ocrx_word' id='word_1_15' title='bbox 1667 994 1704 1064; x_wconf 84' lang='lat' dir='ltr'><strong>in</strong></span> 
     </span>
     <span class='ocr_line' id='line_1_4' title="bbox 432 1088 1700 1207; baseline -0.015 -25"><span class='ocrx_word' id='word_1_16' title='bbox 432 1130 440 1136; x_wconf 84' lang='lat'><strong>·</strong></span> <span class='ocrx_word' id='word_1_17' title='bbox 529 1106 670 1207; x_wconf 82' lang='lat' dir='ltr'><strong>samoris</strong></span> <span class='ocrx_word' id='word_1_18' title='bbox 693 1095 782 1197; x_wconf 69' lang='lat' dir='ltr'><strong>affini</strong></span> <span class='ocrx_word' id='word_1_19' title='bbox 807 1091 992 1205; x_wconf 72' lang='lat' dir='ltr'><strong>angustiis,</strong></span> <span class='ocrx_word' id='word_1_20' title='bbox 1036 1094 1214 1180; x_wconf 78' lang='lat' dir='ltr'><strong><em>invocavi,</em></strong></span> <span class='ocrx_word' id='word_1_21' title='bbox 1251 1089 1495 1201; x_wconf 26' lang='lat' dir='ltr'><strong>&amp;uexandioir</strong></span> <span class='ocrx_word' id='word_1_22' title='bbox 1517 1112 1576 1161; x_wconf 83' lang='lat' dir='ltr'><strong>rae.</strong></span> <span class='ocrx_word' id='word_1_23' title='bbox 1608 1088 1644 1160; x_wconf 90' lang='lat' dir='ltr'><strong>h.</strong></span> <span class='ocrx_word' id='word_1_24' title='bbox 1668 1108 1700 1163; x_wconf 81' lang='lat' dir='ltr'><strong>e.</strong></span> 
     </span>
     <span class='ocr_line' id='line_1_5' title="bbox 485 1188 1701 1289; baseline -0.012 -18"><span class='ocrx_word' id='word_1_25' title='bbox 485 1267 489 1271; x_wconf 73' lang='grc'><strong>,</strong></span> <span class='ocrx_word' id='word_1_26' title='bbox 539 1204 639 1279; x_wconf 90' lang='lat' dir='ltr'><strong>Mala</strong></span> <span class='ocrx_word' id='word_1_27' title='bbox 659 1199 771 1271; x_wconf 89' lang='lat' dir='ltr'><strong>multa</strong></span> <span class='ocrx_word' id='word_1_28' title='bbox 793 1195 827 1268; x_wconf 79' lang='grc' dir='ltr'><strong>δι</strong></span> <span class='ocrx_word' id='word_1_29' title='bbox 850 1188 1042 1289; x_wconf 85' lang='lat' dir='ltr'><strong>gravrffima</strong></span> <span class='ocrx_word' id='word_1_30' title='bbox 1060 1210 1141 1264; x_wconf 91' lang='lat' dir='ltr'><strong>cum</strong></span> <span class='ocrx_word' id='word_1_31' title='bbox 1157 1210 1214 1263; x_wconf 91' lang='lat' dir='ltr'><strong>me</strong></span> <span class='ocrx_word' id='word_1_32' title='bbox 1232 1189 1455 1281; x_wconf 79' lang='lat' dir='ltr'><strong>undiquaque</strong></span> <span class='ocrx_word' id='word_1_33' title='bbox 1475 1200 1701 1279; x_wconf 81' lang='lat' dir='ltr'>premerent,</span> 
     </span>
    </p>
   </div>
   <div class='ocr_carea' id='block_1_4' title="bbox 541 1283 1837 1383">
    <p class='ocr_par' dir='ltr' id='par_1_4' title="bbox 541 1283 1837 1383">
     <span class='ocr_line' id='line_1_6' title="bbox 541 1283 1837 1383; baseline -0.016 -10"><span class='ocrx_word' id='word_1_34' title='bbox 541 1301 578 1373; x_wconf 79' lang='lat' dir='ltr'><strong>dt</strong></span> <span class='ocrx_word' id='word_1_35' title='bbox 600 1313 736 1372; x_wconf 86' lang='lat' dir='ltr'><strong>tantum</strong></span> <span class='ocrx_word' id='word_1_36' title='bbox 755 1314 828 1365; x_wconf 90' lang='lat' dir='ltr'><strong>non</strong></span> <span class='ocrx_word' id='word_1_37' title='bbox 849 1289 1115 1383; x_wconf 82' lang='lat' dir='ltr'><strong>opprimerent,</strong></span> <span class='ocrx_word' id='word_1_38' title='bbox 1146 1288 1189 1361; x_wconf 88' lang='lat' dir='ltr'><strong>ad</strong></span> <span class='ocrx_word' id='word_1_39' title='bbox 1208 1285 1423 1373; x_wconf 88' lang='lat' dir='ltr'><strong>Dominum,</strong></span> <span class='ocrx_word' id='word_1_40' title='bbox 1449 1286 1569 1359; x_wconf 88' lang='lat' dir='ltr'><strong>Deum</strong></span> <span class='ocrx_word' id='word_1_41' title='bbox 1595 1283 1703 1355; x_wconf 88' lang='lat' dir='ltr'><strong>lsrae-</strong></span> <span class='ocrx_word' id='word_1_42' title='bbox 1835 1334 1837 1341; x_wconf 71' lang='lat'><strong>,</strong></span> 
     </span>
    </p>
   </div>
   <div class='ocr_carea' id='block_1_5' title="bbox 541 1381 1723 2063">
    <p class='ocr_par' dir='ltr' id='par_1_5' title="bbox 541 1381 1723 2063">
     <span class='ocr_line' id='line_1_7' title="bbox 541 1381 1700 1484; baseline -0.012 -15"><span class='ocrx_word' id='word_1_43' title='bbox 541 1397 586 1470; x_wconf 89' lang='lat' dir='ltr'><strong>lis</strong></span> <span class='ocrx_word' id='word_1_44' title='bbox 602 1394 785 1477; x_wconf 79' lang='lat' dir='ltr'><strong>veracem,</strong></span> <span class='ocrx_word' id='word_1_45' title='bbox 811 1387 930 1484; x_wconf 80' lang='lat' dir='ltr'><strong>gratia</strong></span> <span class='ocrx_word' id='word_1_46' title='bbox 952 1385 987 1456; x_wconf 83' lang='lat' dir='ltr'><strong>dc</strong></span> <span class='ocrx_word' id='word_1_47' title='bbox 1013 1383 1260 1459; x_wconf 80' lang='lat' dir='ltr'><strong>misericordie</strong></span> <span class='ocrx_word' id='word_1_48' title='bbox 1284 1383 1449 1476; x_wconf 90' lang='lat' dir='ltr'><strong>plenum,</strong></span> <span class='ocrx_word' id='word_1_49' title='bbox 1483 1396 1566 1456; x_wconf 90' lang='lat' dir='ltr'><strong>toto</strong></span> <span class='ocrx_word' id='word_1_50' title='bbox 1581 1381 1700 1455; x_wconf 88' lang='lat' dir='ltr'><strong>animo</strong></span> 
     </span>
     <span class='ocr_line' id='line_1_8' title="bbox 545 1478 1704 1587; baseline -0.016 -20"><span class='ocrx_word' id='word_1_51' title='bbox 545 1490 719 1587; x_wconf 85' lang='lat' dir='ltr'>confugi,</span> <span class='ocrx_word' id='word_1_52' title='bbox 744 1506 896 1579; x_wconf 88' lang='lat' dir='ltr'><strong>eumque</strong></span> <span class='ocrx_word' id='word_1_53' title='bbox 917 1484 1147 1558; x_wconf 85' lang='lat' dir='ltr'>liberatorem</span> <span class='ocrx_word' id='word_1_54' title='bbox 1172 1480 1206 1552; x_wconf 75' lang='grc' dir='ltr'><strong>δι</strong></span> <span class='ocrx_word' id='word_1_55' title='bbox 1226 1481 1407 1553; x_wconf 92' lang='lat' dir='ltr'><strong>vindicem</strong></span> <span class='ocrx_word' id='word_1_56' title='bbox 1421 1478 1629 1566; x_wconf 88' lang='lat' dir='ltr'><strong>inclamavi‚</strong></span> <span class='ocrx_word' id='word_1_57' title='bbox 1654 1479 1704 1571; x_wconf 92' lang='lat' dir='ltr'><strong>ip·</strong></span> 
     </span>
     <span class='ocr_line' id='line_1_9' title="bbox 544 1574 1703 1683; baseline -0.011 -20"><span class='ocrx_word' id='word_1_58' title='bbox 544 1590 651 1683; x_wconf 87' lang='lat' dir='ltr'><strong>seque</strong></span> <span class='ocrx_word' id='word_1_59' title='bbox 673 1588 841 1659; x_wconf 88' lang='lat' dir='ltr'><strong>clamores</strong></span> <span class='ocrx_word' id='word_1_60' title='bbox 855 1604 955 1657; x_wconf 88' lang='lat' dir='ltr'><strong>meos</strong></span> <span class='ocrx_word' id='word_1_61' title='bbox 969 1578 1125 1666; x_wconf 90' lang='lat' dir='ltr'><strong>audivit,</strong></span> <span class='ocrx_word' id='word_1_62' title='bbox 1149 1578 1349 1666; x_wconf 86' lang='lat' dir='ltr'><strong>exaudivit,</strong></span> <span class='ocrx_word' id='word_1_63' title='bbox 1375 1576 1430 1665; x_wconf 88' lang='lat'><strong>&amp;‚</strong></span> <span class='ocrx_word' id='word_1_64' title='bbox 1448 1598 1505 1651; x_wconf 92' lang='lat' dir='ltr'><strong>me</strong></span> <span class='ocrx_word' id='word_1_65' title='bbox 1518 1574 1703 1651; x_wconf 87' lang='lat' dir='ltr'><strong>liberando</strong></span> 
     </span>
     <span class='ocr_line' id='line_1_10' title="bbox 546 1672 1703 1778; baseline -0.012 -17"><span class='ocrx_word' id='word_1_66' title='bbox 546 1710 590 1761; x_wconf 86' lang='lat' dir='ltr'><strong>ac</strong></span> <span class='ocrx_word' id='word_1_67' title='bbox 612 1683 818 1778; x_wconf 90' lang='lat' dir='ltr'><strong>eripiendo,</strong></span> <span class='ocrx_word' id='word_1_68' title='bbox 851 1680 927 1772; x_wconf 91' lang='lat' dir='ltr'><strong>ipso</strong></span> <span class='ocrx_word' id='word_1_69' title='bbox 955 1674 1049 1752; x_wconf 77' lang='lat' dir='ltr'><strong>sadlo</strong></span> <span class='ocrx_word' id='word_1_70' title='bbox 1075 1672 1270 1773; x_wconf 88' lang='lat' dir='ltr'><strong>respondit.</strong></span> <span class='ocrx_word' id='word_1_71' title='bbox 1328 1672 1459 1749; x_wconf 89' lang='lat' dir='ltr'>Versus</span> <span class='ocrx_word' id='word_1_72' title='bbox 1487 1674 1573 1749; x_wconf 87' lang='lat' dir='ltr'><strong>nibil</strong></span> <span class='ocrx_word' id='word_1_73' title='bbox 1596 1674 1703 1747; x_wconf 90' lang='lat' dir='ltr'><strong>habet</strong></span> 
     </span>
     <span class='ocr_line' id='line_1_11' title="bbox 544 1768 1705 1879; baseline -0.014 -19"><span class='ocrx_word' id='word_1_74' title='bbox 544 1784 718 1879; x_wconf 89' lang='lat' dir='ltr'><strong>inpediti,</strong></span> <span class='ocrx_word' id='word_1_75' title='bbox 744 1800 851 1874; x_wconf 90' lang='lat' dir='ltr'><strong>quare</strong></span> <span class='ocrx_word' id='word_1_76' title='bbox 865 1778 985 1869; x_wconf 88' lang='lat' dir='ltr'><strong>paucis</strong></span> <span class='ocrx_word' id='word_1_77' title='bbox 1000 1772 1183 1872; x_wconf 87' lang='lat' dir='ltr'><strong>defungar.</strong></span> <span class='ocrx_word' id='word_1_78' title='bbox 1237 1792 1268 1847; x_wconf 89' lang='lat'><strong>1.</strong></span> <span class='ocrx_word' id='word_1_79' title='bbox 1296 1768 1382 1846; x_wconf 85' lang='lat' dir='ltr'><strong>Vox</strong></span> <span class='ocrx_word' id='word_1_80' title='bbox 1402 1770 1555 1868; x_wconf 81' lang='lat' dir='ltr'><strong>angustio</strong></span> <span class='ocrx_word' id='word_1_81' title='bbox 1572 1771 1705 1865; x_wconf 82' lang='lat' dir='ltr'><strong>quales·</strong></span> 
     </span>
     <span class='ocr_line' id='line_1_12' title="bbox 546 1870 1723 1975; baseline -0.01 -18"><span class='ocrx_word' id='word_1_82' title='bbox 546 1902 688 1975; x_wconf 89' lang='lat' dir='ltr'><strong>cunque</strong></span> <span class='ocrx_word' id='word_1_83' title='bbox 705 1880 898 1951; x_wconf 83' lang='lat' dir='ltr'><strong>anxietates</strong></span> <span class='ocrx_word' id='word_1_84' title='bbox 916 1870 950 1942; x_wconf 73' lang='grc' dir='ltr'><strong>ἃ</strong></span> <span class='ocrx_word' id='word_1_85' title='bbox 965 1870 1318 1965; x_wconf 87' lang='lat' dir='ltr'><strong>pressuras-denotat,</strong></span> <span class='ocrx_word' id='word_1_86' title='bbox 1344 1891 1420 1963; x_wconf 84' lang='lat' dir='ltr'><strong>quae</strong></span> <span class='ocrx_word' id='word_1_87' title='bbox 1437 1891 1520 1944; x_wconf 93' lang='lat' dir='ltr'><strong>cum</strong></span> <span class='ocrx_word' id='word_1_88' title='bbox 1534 1871 1630 1943; x_wconf 90' lang='lat' dir='ltr'><strong>intus</strong></span> <span class='ocrx_word' id='word_1_89' title='bbox 1646 1872 1723 1946; x_wconf 55' lang='lat' dir='ltr'><strong>ex?</strong></span> 
     </span>
     <span class='ocr_line' id='line_1_13' title="bbox 547 1966 1703 2063; baseline -0.01 -9"><span class='ocrx_word' id='word_1_90' title='bbox 547 1980 732 2063; x_wconf 76' lang='lat' dir='ltr'><strong>cruciant,</strong></span> <span class='ocrx_word' id='word_1_91' title='bbox 756 1988 836 2045; x_wconf 93' lang='lat' dir='ltr'><strong>tum</strong></span> <span class='ocrx_word' id='word_1_92' title='bbox 859 1982 968 2041; x_wconf 76' lang='lat' dir='ltr'><strong>extus</strong></span> <span class='ocrx_word' id='word_1_93' title='bbox 989 1968 1091 2039; x_wconf 86' lang='lat' dir='ltr'><strong>valde</strong></span> <span class='ocrx_word' id='word_1_94' title='bbox 1117 1984 1306 2061; x_wconf 90' lang='lat' dir='ltr'><strong>premunt,</strong></span> <span class='ocrx_word' id='word_1_95' title='bbox 1337 1967 1527 2042; x_wconf 81' lang='lat' dir='ltr'><strong>&amp;exitum</strong></span> <span class='ocrx_word' id='word_1_96' title='bbox 1550 1966 1627 2041; x_wconf 87' lang='lat' dir='ltr'><strong>sere</strong></span> <span class='ocrx_word' id='word_1_97' title='bbox 1643 1988 1703 2043; x_wconf 89' lang='lat' dir='ltr'><strong>ex·</strong></span> 
     </span>
    </p>
   </div>
   <div class='ocr_carea' id='block_1_6' title="bbox 411 2064 1704 2159">
    <p class='ocr_par' dir='ltr' id='par_1_6' title="bbox 411 2064 1704 2159">
     <span class='ocr_line' id='line_1_14' title="bbox 411 2064 1704 2159; baseline -0.002 -17"><span class='ocrx_word' id='word_1_98' title='bbox 411 2134 416 2142; x_wconf 94' lang='lat'>.</span> <span class='ocrx_word' id='word_1_99' title='bbox 548 2074 718 2149; x_wconf 83' lang='lat' dir='ltr'><strong>cludunt:</strong></span> <span class='ocrx_word' id='word_1_100' title='bbox 743 2067 856 2159; x_wconf 89' lang='lat' dir='ltr'><strong>qualia</strong></span> <span class='ocrx_word' id='word_1_101' title='bbox 883 2086 965 2137; x_wconf 88' lang='lat' dir='ltr'><strong>curn</strong></span> <span class='ocrx_word' id='word_1_102' title='bbox 987 2064 1092 2135; x_wconf 88' lang='lat' dir='ltr'><strong>varii·</strong></span> <span class='ocrx_word' id='word_1_103' title='bbox 1101 2064 1240 2159; x_wconf 86' lang='lat' dir='ltr'><strong>generis</strong></span> <span class='ocrx_word' id='word_1_104' title='bbox 1268 2064 1337 2137; x_wconf 90' lang='lat' dir='ltr'><strong>else</strong></span> <span class='ocrx_word' id='word_1_105' title='bbox 1364 2064 1636 2158; x_wconf 78' lang='lat' dir='ltr'><strong>queant&#39;mala,</strong></span> <span class='ocrx_word' id='word_1_106' title='bbox 1668 2066 1704 2139; x_wconf 79' lang='lat' dir='ltr'><strong>dc</strong></span> 
     </span>
    </p>
   </div>
   <div class='ocr_carea' id='block_1_7' title="bbox 484 2157 1822 4187">
    <p class='ocr_par' dir='ltr' id='par_1_7' title="bbox 484 2157 1822 4187">
     <span class='ocr_line' id='line_1_15' title="bbox 547 2157 1707 2264; baseline -0.006 -22"><span class='ocrx_word' id='word_1_107' title='bbox 547 2191 623 2243; x_wconf 92' lang='lat' dir='ltr'><strong>vox</strong></span> <span class='ocrx_word' id='word_1_108' title='bbox 638 2163 811 2264; x_wconf 82' lang='lat' dir='ltr'><strong>generalis</strong></span> <span class='ocrx_word' id='word_1_109' title='bbox 826 2162 886 2251; x_wconf 86' lang='lat' dir='ltr'><strong>srt,</strong></span> <span class='ocrx_word' id='word_1_110' title='bbox 905 2183 977 2235; x_wconf 86' lang='lat' dir='ltr'><strong>-nos</strong></span> <span class='ocrx_word' id='word_1_111' title='bbox 991 2163 1035 2234; x_wconf 89' lang='lat' dir='ltr'><strong>ab</strong></span> <span class='ocrx_word' id='word_1_112' title='bbox 1055 2160 1097 2233; x_wconf 91' lang='lat' dir='ltr'><strong>iis</strong></span> <span class='ocrx_word' id='word_1_113' title='bbox 1109 2157 1355 2257; x_wconf 86' lang='lat' dir='ltr'><strong>restringendis</strong></span> <span class='ocrx_word' id='word_1_114' title='bbox 1368 2158 1601 2253; x_wconf 79' lang='lat' dir='ltr'><strong>abstinemus3</strong></span> <span class='ocrx_word' id='word_1_115' title='bbox 1619 2160 1707 2235; x_wconf 91' lang='lat' dir='ltr'><strong>illud</strong></span> 
     </span>
     <span class='ocr_line' id='line_1_16' title="bbox 547 2254 1706 2355; baseline -0.007 -14"><span class='ocrx_word' id='word_1_116' title='bbox 547 2281 688 2342; x_wconf 82' lang='lat' dir='ltr'><strong>tanturn</strong></span> <span class='ocrx_word' id='word_1_117' title='bbox 705 2258 840 2338; x_wconf 82' lang='lat' dir='ltr'><strong>notasse</strong></span> <span class='ocrx_word' id='word_1_118' title='bbox 853 2260 1037 2347; x_wconf 89' lang='lat' dir='ltr'><strong>contenti,</strong></span> <span class='ocrx_word' id='word_1_119' title='bbox 1049 2254 1200 2354; x_wconf 76' lang='lat' dir='ltr'><strong>summas</strong></span> <span class='ocrx_word' id='word_1_120' title='bbox 1214 2257 1382 2355; x_wconf 87' lang='lat' dir='ltr'><strong>angustias</strong></span> <span class='ocrx_word' id='word_1_121' title='bbox 1397 2279 1461 2353; x_wconf 90' lang='lat' dir='ltr'><strong>per</strong></span> <span class='ocrx_word' id='word_1_122' title='bbox 1474 2258 1626 2335; x_wconf 88' lang='lat' dir='ltr'><strong>sormam</strong></span> <span class='ocrx_word' id='word_1_123' title='bbox 1640 2282 1706 2333; x_wconf 91' lang='lat' dir='ltr'><strong>vo·</strong></span> 
     </span>
     <span class='ocr_line' id='line_1_17' title="bbox 549 2356 1706 2457; baseline -0.009 -18"><span class='ocrx_word' id='word_1_124' title='bbox 549 2364 621 2451; x_wconf 83' lang='lat' dir='ltr'><strong>cis,</strong></span> <span class='ocrx_word' id='word_1_125' title='bbox 660 2384 737 2457; x_wconf 87' lang='lat' dir='ltr'><strong>quae</strong></span> <span class='ocrx_word' id='word_1_126' title='bbox 766 2386 788 2433; x_wconf 85' lang='lat' dir='ltr'><strong>n</strong></span> <span class='ocrx_word' id='word_1_127' title='bbox 820 2359 926 2433; x_wconf 89' lang='lat' dir='ltr'><strong>habet</strong></span> <span class='ocrx_word' id='word_1_128' title='bbox 958 2362 1193 2453; x_wconf 84' lang='lat' dir='ltr'><strong>paragogicum</strong></span> <span class='ocrx_word' id='word_1_129' title='bbox 1227 2356 1499 2448; x_wconf 89' lang='lat' dir='ltr'><strong>emphaticum,</strong></span> <span class='ocrx_word' id='word_1_130' title='bbox 1544 2358 1706 2451; x_wconf 78' lang='lat' dir='ltr'><strong>exprimi.</strong></span> 
     </span>
     <span class='ocr_line' id='line_1_18' title="bbox 550 2450 1705 2552; baseline -0.01 -15"><span class='ocrx_word' id='word_1_131' title='bbox 550 2474 585 2537; x_wconf 75' lang='lat'><strong>2.</strong></span> <span class='ocrx_word' id='word_1_132' title='bbox 609 2461 708 2536; x_wconf 92' lang='lat' dir='ltr'><strong>Deus</strong></span> <span class='ocrx_word' id='word_1_133' title='bbox 732 2456 775 2533; x_wconf 91' lang='lat' dir='ltr'><strong>ad</strong></span> <span class='ocrx_word' id='word_1_134' title='bbox 797 2478 924 2552; x_wconf 88' lang='lat' dir='ltr'><strong>preces</strong></span> <span class='ocrx_word' id='word_1_135' title='bbox 940 2454 1152 2549; x_wconf 83' lang='lat' dir='ltr'><strong>respondet,</strong></span> <span class='ocrx_word' id='word_1_136' title='bbox 1178 2450 1249 2525; x_wconf 90' lang='lat' dir='ltr'><strong>srve</strong></span> <span class='ocrx_word' id='word_1_137' title='bbox 1265 2474 1347 2527; x_wconf 91' lang='lat' dir='ltr'><strong>cum</strong></span> <span class='ocrx_word' id='word_1_138' title='bbox 1363 2455 1498 2529; x_wconf 86' lang='lat' dir='ltr'><strong>exitum</strong></span> <span class='ocrx_word' id='word_1_139' title='bbox 1513 2454 1705 2542; x_wconf 90' lang='lat' dir='ltr'><strong>monstrat,</strong></span> 
     </span>
     <span class='ocr_line' id='line_1_19' title="bbox 549 2548 1702 2654; baseline -0.01 -19"><span class='ocrx_word' id='word_1_140' title='bbox 549 2561 711 2654; x_wconf 88' lang='lat' dir='ltr'><strong>adeoque</strong></span> <span class='ocrx_word' id='word_1_141' title='bbox 731 2555 894 2631; x_wconf 88' lang='lat' dir='ltr'><strong>fiduciam</strong></span> <span class='ocrx_word' id='word_1_142' title='bbox 913 2574 955 2626; x_wconf 90' lang='lat' dir='ltr'><strong>ac</strong></span> <span class='ocrx_word' id='word_1_143' title='bbox 975 2552 1180 2648; x_wconf 88' lang='lat' dir='ltr'><strong>patientiam</strong></span> <span class='ocrx_word' id='word_1_144' title='bbox 1196 2548 1360 2644; x_wconf 84' lang='lat' dir='ltr'><strong>inspirat,</strong></span> <span class='ocrx_word' id='word_1_145' title='bbox 1397 2550 1468 2624; x_wconf 90' lang='lat' dir='ltr'><strong>five</strong></span> <span class='ocrx_word' id='word_1_146' title='bbox 1487 2573 1567 2625; x_wconf 91' lang='lat' dir='ltr'><strong>cum</strong></span> <span class='ocrx_word' id='word_1_147' title='bbox 1583 2548 1702 2645; x_wconf 87' lang='lat' dir='ltr'><strong>reapse</strong></span> 
     </span>
     <span class='ocr_line' id='line_1_20' title="bbox 550 2645 1536 2749; baseline -0.008 -18"><span class='ocrx_word' id='word_1_148' title='bbox 550 2658 679 2749; x_wconf 88' lang='lat' dir='ltr'><strong>eripit,</strong></span> <span class='ocrx_word' id='word_1_149' title='bbox 704 2656 739 2727; x_wconf 75' lang='grc' dir='ltr'><strong>δι</strong></span> <span class='ocrx_word' id='word_1_150' title='bbox 755 2654 791 2725; x_wconf 93' lang='lat' dir='ltr'><strong>in</strong></span> <span class='ocrx_word' id='word_1_151' title='bbox 806 2653 1007 2726; x_wconf 88' lang='lat' dir='ltr'><strong>libertatem</strong></span> <span class='ocrx_word' id='word_1_152' title='bbox 1024 2648 1161 2722; x_wconf 91' lang='lat' dir='ltr'><strong>exserit.</strong></span> <span class='ocrx_word' id='word_1_153' title='bbox 1209 2645 1299 2746; x_wconf 87' lang='lat' dir='ltr'><strong>Quae</strong></span> <span class='ocrx_word' id='word_1_154' title='bbox 1315 2646 1394 2723; x_wconf 91' lang='lat' dir='ltr'><strong>sunt</strong></span> <span class='ocrx_word' id='word_1_155' title='bbox 1411 2649 1536 2723; x_wconf 86' lang='lat' dir='ltr'><strong>facilia.</strong></span> 
     </span>
     <span class='ocr_line' id='line_1_21' title="bbox 559 2742 1717 2843; baseline 0.002 -24"><span class='ocrx_word' id='word_1_156' title='bbox 559 2768 569 2781; x_wconf 88' lang='lat'><strong>·</strong></span> <span class='ocrx_word' id='word_1_157' title='bbox 604 2756 638 2839; x_wconf 88' lang='lat'><strong>§.</strong></span> <span class='ocrx_word' id='word_1_158' title='bbox 653 2748 746 2820; x_wconf 86' lang='lat' dir='ltr'><strong>xlll.</strong></span> <span class='ocrx_word' id='word_1_159' title='bbox 774 2746 865 2821; x_wconf 93' lang='lat' dir='ltr'><strong>lllud</strong></span> <span class='ocrx_word' id='word_1_160' title='bbox 886 2748 1040 2837; x_wconf 85' lang='lat' dir='ltr'><strong>denique</strong></span> <span class='ocrx_word' id='word_1_161' title='bbox 1054 2742 1284 2832; x_wconf 88' lang='lat' dir='ltr'><strong>observetur,</strong></span> <span class='ocrx_word' id='word_1_162' title='bbox 1310 2742 1717 2843; x_wconf 72' lang='lat' dir='ltr'><strong>versum,velsunvrtonr</strong></span> 
     </span>
     <span class='ocr_line' id='line_1_22' title="bbox 552 2838 1707 2941; baseline -0.001 -21"><span class='ocrx_word' id='word_1_163' title='bbox 552 2846 663 2922; x_wconf 83' lang='lat' dir='ltr'><strong>totius</strong></span> <span class='ocrx_word' id='word_1_164' title='bbox 684 2843 836 2933; x_wconf 88' lang='lat' dir='ltr'><strong>cantici,</strong></span> <span class='ocrx_word' id='word_1_165' title='bbox 865 2842 925 2917; x_wconf 89' lang='lat' dir='ltr'><strong>vel</strong></span> <span class='ocrx_word' id='word_1_166' title='bbox 938 2838 1194 2933; x_wconf 84' lang='lat' dir='ltr'><strong>fundamentum</strong></span> <span class='ocrx_word' id='word_1_167' title='bbox 1215 2840 1435 2935; x_wconf 89' lang='lat' dir='ltr'><strong>sequentium</strong></span> <span class='ocrx_word' id='word_1_168' title='bbox 1457 2868 1602 2941; x_wconf 90' lang='lat' dir='ltr'><strong>precum</strong></span> <span class='ocrx_word' id='word_1_169' title='bbox 1623 2866 1707 2919; x_wconf 89' lang='lat' dir='ltr'><strong>con·</strong></span> 
     </span>
     <span class='ocr_line' id='line_1_23' title="bbox 549 2937 1704 3038; baseline -0.003 -18"><span class='ocrx_word' id='word_1_170' title='bbox 549 2947 678 3021; x_wconf 89' lang='lat' dir='ltr'><strong>tinere.</strong></span> <span class='ocrx_word' id='word_1_171' title='bbox 729 2940 852 3013; x_wconf 85' lang='lat' dir='ltr'><strong>Priore</strong></span> <span class='ocrx_word' id='word_1_172' title='bbox 874 2938 993 3029; x_wconf 66' lang='lat' dir='ltr'><strong>bnsu,</strong></span> <span class='ocrx_word' id='word_1_173' title='bbox 1029 2937 1291 3015; x_wconf 77' lang='lat' dir='ltr'><strong>conneilendus</strong></span> <span class='ocrx_word' id='word_1_174' title='bbox 1317 2943 1386 3015; x_wconf 87' lang='lat' dir='ltr'><strong>erit</strong></span> <span class='ocrx_word' id='word_1_175' title='bbox 1407 2964 1490 3016; x_wconf 81' lang='lat' dir='ltr'><strong>curn</strong></span> <span class='ocrx_word' id='word_1_176' title='bbox 1519 2942 1608 3016; x_wconf 87' lang='lat' dir='ltr'><strong>vers.</strong></span> <span class='ocrx_word' id='word_1_177' title='bbox 1634 2942 1704 3038; x_wconf 90' lang='lat' dir='ltr'><strong>seq.</strong></span> 
     </span>
     <span class='ocr_line' id='line_1_24' title="bbox 550 3036 1705 3139; baseline -0.002 -23"><span class='ocrx_word' id='word_1_178' title='bbox 550 3064 618 3139; x_wconf 84' lang='lat' dir='ltr'><strong>per</strong></span> <span class='ocrx_word' id='word_1_179' title='bbox 644 3043 732 3115; x_wconf 75' lang='lat' dir='ltr'><strong>nord</strong></span> <span class='ocrx_word' id='word_1_180' title='bbox 750 3038 904 3125; x_wconf 84' lang='lat' dir='ltr'><strong>dicendo,</strong></span> <span class='ocrx_word' id='word_1_181' title='bbox 935 3036 1001 3108; x_wconf 85' lang='lat' dir='ltr'><strong>acsi</strong></span> <span class='ocrx_word' id='word_1_182' title='bbox 1020 3036 1168 3110; x_wconf 87' lang='lat' dir='ltr'><strong>diceret.</strong></span> <span class='ocrx_word' id='word_1_183' title='bbox 1227 3038 1318 3113; x_wconf 89' lang='lat' dir='ltr'><strong>Cum</strong></span> <span class='ocrx_word' id='word_1_184' title='bbox 1341 3041 1427 3113; x_wconf 91' lang='lat' dir='ltr'><strong>mibi</strong></span> <span class='ocrx_word' id='word_1_185' title='bbox 1450 3036 1583 3114; x_wconf 75' lang='lat' dir='ltr'><strong>ardum</strong></span> <span class='ocrx_word' id='word_1_186' title='bbox 1607 3058 1705 3131; x_wconf 86' lang='lat' dir='ltr'><strong>erat,</strong></span> 
     </span>
     <span class='ocr_line' id='line_1_25' title="bbox 551 3131 1709 3232; baseline -0.005 -18"><span class='ocrx_word' id='word_1_187' title='bbox 551 3138 723 3214; x_wconf 84' lang='lat' dir='ltr'><strong>invocavi</strong></span> <span class='ocrx_word' id='word_1_188' title='bbox 748 3134 967 3221; x_wconf 86' lang='lat' dir='ltr'><strong>Dominum,</strong></span> <span class='ocrx_word' id='word_1_189' title='bbox 991 3131 1133 3227; x_wconf 90' lang='lat' dir='ltr'><strong>ipseque</strong></span> <span class='ocrx_word' id='word_1_190' title='bbox 1147 3133 1232 3209; x_wconf 88' lang='lat' dir='ltr'><strong>ruihi</strong></span> <span class='ocrx_word' id='word_1_191' title='bbox 1247 3138 1449 3232; x_wconf 89' lang='lat' dir='ltr'><strong>respondit,</strong></span> <span class='ocrx_word' id='word_1_192' title='bbox 1474 3140 1624 3227; x_wconf 83' lang='lat' dir='ltr'><strong>dicendo,</strong></span> <span class='ocrx_word' id='word_1_193' title='bbox 1650 3137 1709 3211; x_wconf 92' lang='lat' dir='ltr'><strong>vel</strong></span> 
     </span>
     <span class='ocr_line' id='line_1_26' title="bbox 553 3230 1822 3329; baseline -0.002 -18"><span class='ocrx_word' id='word_1_194' title='bbox 553 3238 653 3311; x_wconf 90' lang='lat' dir='ltr'><strong>bunc</strong></span> <span class='ocrx_word' id='word_1_195' title='bbox 672 3238 709 3310; x_wconf 90' lang='lat' dir='ltr'><strong>in</strong></span> <span class='ocrx_word' id='word_1_196' title='bbox 731 3232 878 3309; x_wconf 86' lang='lat' dir='ltr'><strong>modum</strong></span> <span class='ocrx_word' id='word_1_197' title='bbox 899 3232 1039 3305; x_wconf 90' lang='lat' dir='ltr'><strong>locutus</strong></span> <span class='ocrx_word' id='word_1_198' title='bbox 1061 3252 1142 3304; x_wconf 91' lang='lat' dir='ltr'><strong>cum</strong></span> <span class='ocrx_word' id='word_1_199' title='bbox 1158 3230 1275 3306; x_wconf 90' lang='lat' dir='ltr'><strong>Deum</strong></span> <span class='ocrx_word' id='word_1_200' title='bbox 1291 3235 1515 3323; x_wconf 87' lang='lat' dir='ltr'><strong>invocarem,</strong></span> <span class='ocrx_word' id='word_1_201' title='bbox 1542 3240 1627 3329; x_wconf 84' lang='lat' dir='ltr'><strong>eripe</strong></span> <span class='ocrx_word' id='word_1_202' title='bbox 1642 3236 1708 3309; x_wconf 82' lang='lat' dir='ltr'><strong>dcc.</strong></span> <span class='ocrx_word' id='word_1_203' title='bbox 1815 3282 1822 3289; x_wconf 84' lang='lat'><em>-</em></span> 
     </span>
     <span class='ocr_line' id='line_1_27' title="bbox 556 3328 1717 3431; baseline -0.003 -22"><span class='ocrx_word' id='word_1_204' title='bbox 556 3333 613 3409; x_wconf 91' lang='lat' dir='ltr'><strong>Ita</strong></span> <span class='ocrx_word' id='word_1_205' title='bbox 625 3332 784 3431; x_wconf 68' lang='lat' dir='ltr'><strong>anguilla</strong></span> <span class='ocrx_word' id='word_1_206' title='bbox 799 3329 998 3426; x_wconf 86' lang='lat' dir='ltr'><strong>expriment</strong></span> <span class='ocrx_word' id='word_1_207' title='bbox 1014 3328 1257 3404; x_wconf 89' lang='lat' dir='ltr'><strong>conditionem</strong></span> <span class='ocrx_word' id='word_1_208' title='bbox 1267 3380 1278 3418; x_wconf 95' lang='lat'><strong>,</strong></span> <span class='ocrx_word' id='word_1_209' title='bbox 1288 3352 1366 3423; x_wconf 86' lang='lat' dir='ltr'><strong>quae</strong></span> <span class='ocrx_word' id='word_1_210' title='bbox 1387 3354 1472 3406; x_wconf 90' lang='lat' dir='ltr'><strong>mox</strong></span> <span class='ocrx_word' id='word_1_211' title='bbox 1487 3334 1683 3429; x_wconf 87' lang='lat' dir='ltr'><strong>explicatur</strong></span> <span class='ocrx_word' id='word_1_212' title='bbox 1696 3351 1717 3419; x_wconf 48' lang='grc' dir='ltr'><strong>;Ἰ</strong></span> 
     </span>
     <span class='ocr_line' id='line_1_28' title="bbox 555 3427 1708 3527; baseline 0 -24"><span class='ocrx_word' id='word_1_213' title='bbox 555 3431 591 3503; x_wconf 80' lang='lat' dir='ltr'><strong>dc</strong></span> <span class='ocrx_word' id='word_1_214' title='bbox 605 3434 783 3506; x_wconf 87' lang='lat' dir='ltr'><strong>canticum</strong></span> <span class='ocrx_word' id='word_1_215' title='bbox 799 3427 879 3524; x_wconf 92' lang='lat' dir='ltr'><strong>post</strong></span> <span class='ocrx_word' id='word_1_216' title='bbox 897 3428 1145 3503; x_wconf 83' lang='lat' dir='ltr'><strong>liberationem</strong></span> <span class='ocrx_word' id='word_1_217' title='bbox 1156 3428 1495 3524; x_wconf 79' lang='lat' dir='ltr'><strong>eriteomposrtum,</strong></span> <span class='ocrx_word' id='word_1_218' title='bbox 1522 3432 1558 3507; x_wconf 93' lang='lat' dir='ltr'><strong>in</strong></span> <span class='ocrx_word' id='word_1_219' title='bbox 1576 3446 1708 3527; x_wconf 86' lang='lat' dir='ltr'><strong>gratam</strong></span> 
     </span>
     <span class='ocr_line' id='line_1_29' title="bbox 552 3522 1709 3621; baseline 0 -21"><span class='ocrx_word' id='word_1_220' title='bbox 552 3530 745 3621; x_wconf 82' lang='lat' dir='ltr'><strong>preteritae</strong></span> <span class='ocrx_word' id='word_1_221' title='bbox 772 3525 975 3603; x_wconf 71' lang='lat' dir='ltr'><strong>afflidlionis</strong></span> <span class='ocrx_word' id='word_1_222' title='bbox 991 3546 1078 3603; x_wconf 82' lang='lat' dir='ltr'><strong>cunr</strong></span> <span class='ocrx_word' id='word_1_223' title='bbox 1106 3528 1187 3601; x_wconf 83' lang='lat' dir='ltr'><strong>laeto</strong></span> <span class='ocrx_word' id='word_1_224' title='bbox 1214 3522 1307 3599; x_wconf 85' lang='lat' dir='ltr'><strong>statu</strong></span> <span class='ocrx_word' id='word_1_225' title='bbox 1325 3540 1553 3602; x_wconf 79' lang='lat' dir='ltr'><strong>commutata</strong></span> <span class='ocrx_word' id='word_1_226' title='bbox 1575 3548 1709 3602; x_wconf 90' lang='lat' dir='ltr'><strong>memo·</strong></span> 
     </span>
     <span class='ocr_line' id='line_1_30' title="bbox 555 3624 1752 3721; baseline 0.001 -25"><span class='ocrx_word' id='word_1_227' title='bbox 555 3624 657 3696; x_wconf 80' lang='lat' dir='ltr'><strong>riam.</strong></span> <span class='ocrx_word' id='word_1_228' title='bbox 707 3626 797 3715; x_wconf 90' lang='lat' dir='ltr'><strong>Sed,</strong></span> <span class='ocrx_word' id='word_1_229' title='bbox 822 3625 845 3698; x_wconf 86' lang='lat' dir='ltr'>fi</span> <span class='ocrx_word' id='word_1_230' title='bbox 867 3624 1038 3721; x_wconf 81' lang='lat' dir='ltr'><strong>posterius</strong></span> <span class='ocrx_word' id='word_1_231' title='bbox 1062 3625 1230 3721; x_wconf 85' lang='lat' dir='ltr'><strong>eligatur,</strong></span> <span class='ocrx_word' id='word_1_232' title='bbox 1264 3644 1373 3699; x_wconf 87' lang='lat' dir='ltr'><strong>nexus</strong></span> <span class='ocrx_word' id='word_1_233' title='bbox 1396 3626 1461 3698; x_wconf 89' lang='lat' dir='ltr'><strong>hac</strong></span> <span class='ocrx_word' id='word_1_234' title='bbox 1484 3626 1621 3700; x_wconf 89' lang='lat' dir='ltr'><strong>ratione</strong></span> <span class='ocrx_word' id='word_1_235' title='bbox 1642 3624 1713 3699; x_wconf 90' lang='lat' dir='ltr'><strong>erit</strong></span> <span class='ocrx_word' id='word_1_236' title='bbox 1748 3644 1752 3647; x_wconf 84' lang='lat'>·</span> 
     </span>
     <span class='ocr_line' id='line_1_31' title="bbox 554 3718 1712 3816; baseline 0.003 -23"><span class='ocrx_word' id='word_1_237' title='bbox 554 3718 823 3794; x_wconf 87' lang='lat' dir='ltr'><strong>constituendus</strong></span> <span class='ocrx_word' id='word_1_238' title='bbox 838 3722 870 3793; x_wconf 81' lang='lat' dir='ltr'><strong>dc</strong></span> <span class='ocrx_word' id='word_1_239' title='bbox 884 3720 1107 3816; x_wconf 86' lang='lat' dir='ltr'><strong>supplendus.</strong></span> <span class='ocrx_word' id='word_1_240' title='bbox 1154 3718 1196 3793; x_wconf 95' lang='lat' dir='ltr'><strong>ln</strong></span> <span class='ocrx_word' id='word_1_241' title='bbox 1212 3720 1379 3816; x_wconf 87' lang='lat' dir='ltr'><strong>angustiis</strong></span> <span class='ocrx_word' id='word_1_242' title='bbox 1393 3722 1712 3816; x_wconf 81' lang='lat' dir='ltr'><strong>praetcritis&#39;Deum</strong></span> 
     </span>
     <span class='ocr_line' id='line_1_32' title="bbox 556 3817 1711 3913; baseline 0.001 -22"><span class='ocrx_word' id='word_1_243' title='bbox 556 3818 745 3904; x_wconf 87' lang='lat' dir='ltr'><strong>invocavi,</strong></span> <span class='ocrx_word' id='word_1_244' title='bbox 771 3818 805 3889; x_wconf 81' lang='lat' dir='ltr'><strong>dc</strong></span> <span class='ocrx_word' id='word_1_245' title='bbox 828 3840 884 3893; x_wconf 92' lang='lat' dir='ltr'><strong>me</strong></span> <span class='ocrx_word' id='word_1_246' title='bbox 904 3817 1057 3913; x_wconf 87' lang='lat' dir='ltr'><strong>eripuit,</strong></span> <span class='ocrx_word' id='word_1_247' title='bbox 1084 3817 1119 3890; x_wconf 94' lang='lat' dir='ltr'><strong>in</strong></span> <span class='ocrx_word' id='word_1_248' title='bbox 1141 3817 1303 3912; x_wconf 80' lang='lat' dir='ltr'><strong>prasenti</strong></span> <span class='ocrx_word' id='word_1_249' title='bbox 1326 3818 1464 3912; x_wconf 86' lang='lat' dir='ltr'><strong>itaque,</strong></span> <span class='ocrx_word' id='word_1_250' title='bbox 1498 3822 1569 3895; x_wconf 91' lang='lat' dir='ltr'><strong>hoc</strong></span> <span class='ocrx_word' id='word_1_251' title='bbox 1588 3820 1711 3895; x_wconf 88' lang='lat' dir='ltr'><strong>funda·</strong></span> 
     </span>
     <span class='ocr_line' id='line_1_33' title="bbox 555 3914 1713 4012; baseline -0.003 -22"><span class='ocrx_word' id='word_1_252' title='bbox 555 3930 683 3990; x_wconf 92' lang='lat' dir='ltr'><strong>mento</strong></span> <span class='ocrx_word' id='word_1_253' title='bbox 703 3914 815 3989; x_wconf 89' lang='lat' dir='ltr'><strong>frctus</strong></span> <span class='ocrx_word' id='word_1_254' title='bbox 829 3964 840 4003; x_wconf 91' lang='lat'><strong>,</strong></span> <span class='ocrx_word' id='word_1_255' title='bbox 856 3935 924 3990; x_wconf 85' lang='lat' dir='ltr'><strong>me</strong></span> <span class='ocrx_word' id='word_1_256' title='bbox 946 3915 993 3988; x_wconf 87' lang='lat' dir='ltr'><strong>ad</strong></span> <span class='ocrx_word' id='word_1_257' title='bbox 1010 3934 1093 3988; x_wconf 87' lang='lat' dir='ltr'><strong>eum</strong></span> <span class='ocrx_word' id='word_1_258' title='bbox 1107 3932 1306 3989; x_wconf 90' lang='lat' dir='ltr'><strong>converto:</strong></span> <span class='ocrx_word' id='word_1_259' title='bbox 1334 3924 1419 4012; x_wconf 82' lang='lat' dir='ltr'><strong>eripe</strong></span> <span class='ocrx_word' id='word_1_260' title='bbox 1435 3919 1500 3991; x_wconf 80' lang='lat' dir='ltr'><strong>duc.</strong></span> <span class='ocrx_word' id='word_1_261' title='bbox 1528 3928 1533 3939; x_wconf 95' lang='grc'><strong><em>’</em></strong></span> <span class='ocrx_word' id='word_1_262' title='bbox 1552 3916 1713 3991; x_wconf 87' lang='lat' dir='ltr'><strong>Difficilis</strong></span> 
     </span>
     <span class='ocr_line' id='line_1_34' title="bbox 551 4010 1713 4118; baseline -0.002 -30"><span class='ocrx_word' id='word_1_263' title='bbox 551 4013 615 4091; x_wconf 80' lang='lat' dir='ltr'><strong>atii</strong></span> <span class='ocrx_word' id='word_1_264' title='bbox 639 4013 679 4099; x_wconf 79' lang='lat' dir='ltr'><strong>nr</strong></span> <span class='ocrx_word' id='word_1_265' title='bbox 710 4034 754 4092; x_wconf 83' lang='lat' dir='ltr'><strong>er</strong></span> <span class='ocrx_word' id='word_1_266' title='bbox 775 4014 828 4091; x_wconf 87' lang='lat' dir='ltr'><strong>his</strong></span> <span class='ocrx_word' id='word_1_267' title='bbox 848 4013 1203 4118; x_wconf 83' lang='lat' dir='ltr'><strong>interpretationibus</strong></span> <span class='ocrx_word' id='word_1_268' title='bbox 1216 4010 1362 4106; x_wconf 68' lang='lat' dir='ltr'><strong>eleslio5</strong></span> <span class='ocrx_word' id='word_1_269' title='bbox 1388 4016 1490 4115; x_wconf 91' lang='lat' dir='ltr'><strong>prior</strong></span> <span class='ocrx_word' id='word_1_270' title='bbox 1506 4024 1713 4092; x_wconf 83' lang='lat' dir='ltr'><strong>tamcnora-</strong></span> 
     </span>
     <span class='ocr_line' id='line_1_35' title="bbox 484 4112 1718 4187; baseline 0.001 -26"><span class='ocrx_word' id='word_1_271' title='bbox 484 4146 515 4161; x_wconf 87' lang='grc'><strong>..</strong></span> <span class='ocrx_word' id='word_1_272' title='bbox 739 4125 743 4134; x_wconf 86' lang='grc'><strong>”</strong></span> <span class='ocrx_word' id='word_1_273' title='bbox 819 4156 825 4162; x_wconf 94' lang='grc'>.</span> <span class='ocrx_word' id='word_1_274' title='bbox 1101 4154 1104 4161; x_wconf 97' lang='grc'>.</span> <span class='ocrx_word' id='word_1_275' title='bbox 1153 4149 1161 4169; x_wconf 84' lang='grc'><strong><em>,</em></strong></span> <span class='ocrx_word' id='word_1_276' title='bbox 1241 4180 1243 4183; x_wconf 23' lang='grc' dir='ltr'>Ι</span> <span class='ocrx_word' id='word_1_277' title='bbox 1299 4138 1302 4143; x_wconf 96' lang='grc'><strong><em>·</em></strong></span> <span class='ocrx_word' id='word_1_278' title='bbox 1528 4118 1535 4133; x_wconf 85' lang='grc'><strong>“</strong></span> <span class='ocrx_word' id='word_1_279' title='bbox 1652 4112 1718 4187; x_wconf 66' lang='lat' dir='ltr'><strong>tio,</strong></span> 
     </span>
    </p>
   </div>
   <div class='ocr_carea' id='block_1_8' title="bbox 0 0 2028 5159">
    <p class='ocr_par' dir='ltr' id='par_1_8' title="bbox 0 0 2028 5159">
     <span class='ocr_line' id='line_1_36' title="bbox 0 0 2028 5159; baseline 0 0"><span class='ocrx_word' id='word_1_280' title='bbox 0 0 2028 5159; x_wconf 95' lang='lat' dir='ltr'><strong> </strong></span> 
     </span>
    </p>
   </div>
  </div>
 </body>
</html>
