3984 5159
643 565 1646 705 ffi coumnnranrus

510 779 514 782 ’
643 763 825 851 malacim
849 760 935 854 quid
948 756 1008 834 fibi
1032 755 1142 841 velit,
1177 753 1304 846 &quo
1326 752 1469 841 tendat,
1506 747 1716 832 difficultate
1738 779 1806 835 non

644 885 766 951 earet,
792 883 874 934 cunr
899 861 956 932 bie
978 854 1139 930 versetur
1162 853 1198 926 in
1213 851 1295 926 Deo
1312 868 1462 945 propter
1477 853 1682 930 concellum
1696 857 1805 930 libera·

586 972 589 978 ’
647 962 785 1036 tionem
806 981 828 1031 a
847 957 964 1053 gladio
985 951 1182 1049 quallatore
1211 948 1412 1035 laudando,
1445 946 1508 1020 seu
1535 951 1806 1046 praesupponat,

644 1055 768 1133 Deum
792 1053 864 1128 sele
889 1055 995 1128 talem
1016 1046 1229 1134 exbibuille,
1260 1048 1316 1120 eui
1332 1048 1509 1120 canticum
1525 1068 1671 1124 novum
1684 1057 1806 1126 accine-

646 1173 717 1230 ret
768 1152 991 1228 Alterutrum
1007 1147 1147 1220 videtur
1162 1141 1402 1231 statuendum,
1419 1147 1493 1231 vel,
1522 1165 1615 1219 eum
1631 1170 1750 1242 precer
1763 1171 1808 1221 re-

645 1247 785 1346 petiille
798 1267 845 1319 eo
858 1247 990 1337 scopo,
1016 1259 1056 1320 ut
1072 1243 1262 1332 indicaret,
1287 1243 1407 1316 Deum
1419 1247 1454 1313 le
1472 1239 1683 1320 secundum
1699 1267 1810 1342 precer

647 1346 724 1422 suas
738 1341 922 1430 liberaffe,
948 1341 1008 1416 seu
1023 1364 1079 1415 eas
1093 1339 1165 1413 elle
1180 1339 1378 1428 exauditas,
1396 1338 1642 1434 &impletas,
1670 1349 1743 1432 val,
1761 1345 1810 1417 de·

645 1442 772 1519 nuoin
788 1439 1034 1534 easerupiffe,
1059 1436 1675 1530 &sermonemprecibusinserus
1734 1465 1810 1536 τρι

645 1539 848 1626 renthefin,
870 1535 1065 1633 abrupille3
1080 1549 1120 1610 ut
1132 1531 1358 1632 significaret,
1378 1549 1611 1627 quantopere
1627 1539 1678 1611 de
1706 1543 1810 1628 deret,

647 1647 691 1710 ut
704 1636 807 1725 Deo,
833 1650 997 1728 tanquam
1012 1633 1214 1721 liberatori,
1241 1653 1382 1706 cannen
1398 1651 1537 1706 novum
1554 1633 1690 1709 dicere
1705 1657 1807 1733 queat

647 1731 753 1808 Prius
770 1732 795 1806 st
810 1733 1033 1817 admittatur,
1059 1727 1259 1804 sermnem
1273 1729 1466 1822 ellipticus,
1483 1727 1553 1801 hac
1569 1735 1639 1806 vel
1653 1731 1757 1810 fimili
1768 1758 1807 1810 ra

646 1832 746 1907 tione
766 1830 993 1926 supplendus:
1021 1849 1149 1898 carmen
1165 1849 1285 1900 nouum
1301 1829 1361 1898 tili
1374 1825 1510 1915 dicam,
1528 1829 1593 1919 qui
1613 1854 1681 1906 me
1697 1831 1808 1928 eripu't
1855 1849 1856 1852 ’

645 1927 710 2018 sti,
731 1932 766 2006 dt
787 1951 894 2023 quum
913 1924 1001 2001 illud
1027 1922 1162 2013 fecisti,
1189 1923 1380 1998 secundum
1400 1923 1497 2018 quod
1512 1926 1635 2002 modo
1653 1946 1807 2024 precatur

645 2027 744 2114 sum,
770 2032 857 2121 eripe
877 2049 927 2098 me
949 2023 1015 2097 dte.
1041 2023 1099 2093 vel
1115 2021 1174 2114 qui
1188 2041 1245 2096 me
1261 2025 1405 2116 eripuit,
1431 2020 1642 2113 dicentem,
1672 2035 1807 2126 eripere

646 2125 713 2198 dte.
747 2125 860 2194 verbo
884 2148 944 2196 aaa
964 2115 1236 2205 subintellecto,
1264 2135 1314 2189 ut
1337 2115 1425 2209 sepe
1445 2117 1538 2190 alias.
1592 2119 1806 2216 Posteriusl

644 2219 803 2312 placeat,
827 2216 948 2288 versus
961 2217 1029 2288 erit
1043 2237 1110 2308 pro
1120 2214 1592 2308 parenthetieobabendus,
1630 2221 1670 2292 dt
1687 2227 1806 2297 eo-lco-

642 2335 693 2408 po
706 2310 876 2401 insertus,
897 2331 939 2388 ut
951 2313 1097 2409 flagrans
1114 2311 1349 2398 liberationis,
1367 2311 1429 2384 suo
1445 2327 1618 2407 tempore
1633 2323 1806 2395 celebran-

643 2411 696 2483 dae
718 2433 817 2488 novo
842 2413 1009 2499 cantico,
1043 2409 1250 2483 dellderium
1274 2408 1518 2501 exprimeret,
1551 2410 1626 2484 acfi
1653 2417 1805 2492 dixillett

641 2529 745 2582 novo
766 2524 802 2582 te
825 2510 978 2584 carmine
1001 2506 1169 2593 laudabo,
1196 2505 1312 2580 Deus!
1339 2505 1397 2597 qui
1412 2525 1470 2579 me
1486 2508 1676 2602 eripuisti,
1705 2515 1806 2590 facil

641 2605 723 2695 lud,
749 2625 790 2680 ut
806 2607 841 2678 id
855 2607 918 2681 tibi
934 2605 1096 2678 cecinere
1111 2599 1250 2696 possim,
1277 2607 1362 2696 eripe
1378 2625 1446 2688 me,
1473 2605 1525 2676 uti
1543 2608 1662 2683 modo
1678 2615 1807 2703 orari,

639 2703 736 2796 quod
756 2719 893 2795 repeto.
939 2701 1010 2776 Sed
1024 2698 1140 2794 potest
1156 2698 1267 2773 &alia
1282 2699 1353 2770 dari
1370 2701 1459 2771 ratio
1474 2703 1712 2794 repetitarum
1726 2732 1809 2802 pre.

640 2823 741 2887 eum,
774 2801 809 2871 dt
831 2823 893 2891 per
911 2797 1131 2893 parenthesm
1146 2793 1372 2883 insertarum,
1398 2795 1480 2868 fide
1496 2797 1721 2878 Ammonitit
1738 2805 1809 2883 ler-

640 2920 703 2970 mo
729 2893 910 2966 censeatur
935 2894 1090 2984 institui,
1117 2894 1200 2968 inde
1221 2893 1352 2986 petita,
1379 2894 1475 2984 quod
1491 2917 1555 2986 per
1571 2897 1741 2990 spiritum
1757 2907 1807 2984 in·
1856 2989 1857 2996 ἵ

638 2993 729 3069 seius
752 2991 834 3067 licet
860 3013 925 3084 pro
944 2993 1155 3066 liberatione
1175 3012 1195 3062 a
1212 3011 1306 3064 nova
1322 2989 1613 3082 conquall'atione
1630 3020 1701 3090 per
1723 3004 1809 3082 alios
1856 2997 1857 3002 ’

637 3088 729 3164 filios
751 3089 1065 3186 peregrinationis,
1098 3085 1245 3185 figurate
1269 3086 1315 3160 lte
1338 3085 1465 3175 dilloe,
1492 3089 1575 3164 folla
1598 3094 1755 3174 locutos
1773 3103 1807 3172 dr

638 3187 861 3296 ltadifragoa,
892 3207 933 3262 ac
954 3181 1132 3279 perfidos,
1158 3183 1359 3273 efficienda,
1386 3184 1494 3258 fuerit
1514 3211 1707 3282 precatur-,3
1735 3195 1808 3270 live

639 3287 682 3371 ad
704 3287 948 3380 precationem
970 3281 1210 3362 renovandam
1233 3281 1436 3376 compulllrs
1456 3305 1476 3363 a
1499 3283 1624 3380 spiritu
1652 3281 1807 3388 propter

637 3402 771 3460 novam
794 3383 944 3475 aliquam
966 3379 1291 3478 conquallltionem
1313 3381 1359 3452 ab
1378 3381 1478 3466 alie,
1521 3382 1580 3456 sed
1604 3383 1731 3464 limitis
1751 3397 1801 3472 in.

637 3481 756 3569 dolia,
780 3479 940 3555 hostibus
959 3478 1079 3572 polleo
1099 3477 1297 3570 orituram,
1330 3495 1516 3571 anteqtram
1539 3501 1688 3564 tarmen
1718 3489 1804 3564 mua

635 3600 777 3654 novum
792 3581 876 3654 Dan
898 3579 1011 3652 accim
1028 3577 1212 3680 potuerit,
1237 3571 1395 3669 aspiritu
1413 3577 1618 3669 praeulsmn,
1642 3583 1709 3676 ἱρῇ
1726 3611 1801 3682 pre.

634 3677 732 3750 emti
759 3678 872 3751 mnne
896 3677 1099 3762 occultama
1135 3674 1204 3752 srva
1228 3672 1299 3767 ipse
1321 3672 1524 3766 srmpllcirer
1546 3699 1677 3772 preces
1701 3707 1801 3777 rope.

635 3785 713 3848 tete
733 3771 772 3844 in
793 3777 915 3849 animo
934 3774 1113 3858 lrabuerit,
1138 3771 1210 3846 save
1229 3771 1461 3866 hypothetice
1483 3774 1529 3844 de
1553 3773 1682 3852 futuro
1706 3781 1804 3860 loen.

635 3883 693 3946 tm
717 3867 845 3956 fuerit,
870 3869 1008 3962 strala,
1043 3873 1097 3942 uel
1112 3865 1220 3958 flatile
1234 3869 1330 3965 auid,
1356 3873 1392 3940 in
1404 3866 1567 3963 pulcrum
1582 3880 1799 3974 contingat:

632 3963 825 4060 &eundum
854 3990 957 4059 quam
992 3965 1202 4063 hypothelin
1237 3966 1347 4038 verba
1373 3968 1606 4058 pertinebunt
1631 3973 1676 4046 ad
1706 3997 1793 4051 con.

500 4057 503 4064 ’
632 4061 844 4162 quaffantem
870 4065 1105 4143 calamitatem
1126 4063 1187 4144 sub
1217 4063 1442 4156 Absolomo,
1466 4065 1503 4139 be
1516 4065 1598 4159 filit
1606 4079 1792 4168 purgarat.

1086 4191 1090 4198 ·
1706 4176 1794 4244 totis
