3984 5159
430 584 528 654 au¹
567 567 596 647 Ρ
641 565 670 646 S
713 564 749 644 ll
796 559 832 638 L
878 527 954 668 M
1009 519 1338 690 CXXXI-Lim·
1388 609 1470 686 433·
1547 582 1551 590 ’
1599 523 1602 532 v
1710 512 1714 521 1

299 761 370 826 tem
390 743 554 822 Israelita
576 765 746 843 tanquam
763 741 1019 838 Hierosolyme
1040 750 1228 841 presentes
1245 753 1279 830 δι
1296 758 1333 832 in
1347 757 1460 836 Tem.

296 849 358 944 plo
373 861 593 934 occurrunt3
620 847 744 919 dicunt
760 842 884 931 enirn,
910 846 944 914 le
959 861 1139 938 venturos,
1164 875 1270 944 quare
1289 857 1332 928 ad
1346 857 1455 935 lem·
1497 873 1500 878 '

294 945 394 1040 plum
418 945 477 1018 hic
498 943 567 1016 dici
582 953 769 1038 nequeunt
778 939 951 1028 adorare,
977 937 1060 1031 sed,
1086 947 1145 1016 vel
1158 952 1194 1019 in
1215 947 1366 1048 Templo,
1392 957 1454 1028 vel

293 1045 337 1113 ad
357 1064 487 1136 nicam,
520 1054 629 1134 prout
644 1039 821 1132 scabellum
841 1037 992 1132 pedum,
1027 1041 1088 1112 vel
1115 1041 1159 1114 de
1183 1045 1359 1142 Templo,
1393 1053 1454 1128 vel

289 1139 338 1216 tle
361 1162 439 1210 arca
456 1137 678 1234 exponitur.'

281 1307 287 1320 ,
342 1239 374 1325 §.
390 1233 471 1309 XV.
502 1235 595 1309 Huic
628 1229 801 1330 propositi
836 1228 914 1318 sui,
952 1229 996 1303 de
1025 1229 1108 1308 Deo
1132 1235 1385 1334 Hierosolymis
1412 1246 1448 1323 in
1594 1325 1609 1340 f

291 1329 451 1424 Templo
473 1331 643 1418 colendo,
676 1328 902 1422 explicationi
925 1327 1143 1426 adjungunt,
1187 1361 1213 1410 i.
1232 1355 1361 1414 votum
1377 1365 1446 1436 pro

293 1427 614 1501 continuatione&
628 1425 813 1500 stabilitate
826 1426 1090 1502 inhabitationis
1102 1427 1170 1502 Dei
1181 1481 1193 1518 ‚
1203 1450 1243 1507 ut
1257 1437 1292 1509 ἃ
1305 1459 1370 1530 pro
1377 1437 1447 1534 fig.

291 1531 346 1599 nis
362 1522 494 1596 favoris
517 1523 587 1596 Dei
603 1523 660 1598 hic
675 1521 891 1617 praestandis,
915 1520 1006 1595 vers.
1024 1526 1058 1612 8,
1073 1545 1108 1615 9.
1135 1523 1241 1626 Surge
1256 1529 1388 1629 Jelooa
1404 1536 1447 1607 ad

291 1629 558 1720 pescenninum,
589 1616 641 1691 Tu
654 1618 697 1701 δ’
710 1643 787 1692 arco
804 1624 924 1694 roboris
941 1625 993 1691 ini
1005 1619 1202 1714 ,sacerdotes
1225 1625 1288 1700 Tui
1306 1633 1449 1704 induant

289 1717 476 1818 justitian,
510 1715 554 1799 ἃ
573 1720 624 1810 pii
652 1713 719 1788 Tui
738 1715 1111 1810 selandensium.
1171 1718 1240 1795 Vix
1263 1724 1454 1802 dubitaveae

290 1818 382 1902 rim,
413 1813 516 1908 quin‘
529 1811 692 1887 lsraelitae
720 1813 778 1886 hic
798 1814 842 1887 ad
863 1832 987 1906 preces
1008 1813 1225 1908 Salomonis,
1265 1841 1284 1893 2
1308 1820 1442 1899 Cliton.

290 1936 378 2002 vn,
403 1912 526 2006 quibus
546 1907 657 1984 aedem
678 1907 919 2000 consecravit,
944 1907 1153 2003 respiciant3
1179 1915 1336 1993 &verba
1350 1921 1442 1994 vers.

254 2021 257 2026 ’
287 2031 447 2103 41‚.42.,
473 2008 602 2101 quibus
619 2029 686 2082 rex
701 2027 824 2102 preces
839 2004 975 2095 finivit,
1002 2009 1084 2084 inde
1101 2011 1302 2103 desumant,
1318 2015 1445 2110 suaque

290 2107 445 2195 faciant,
479 2127 527 2176 eo
546 2105 677 2198 scopo,
711 2118 751 2180 ut
775 2102 833 2179 sua
856 2120 940 2179 vota
961 2101 996 2176 se
1023 2128 1106 2182 cum
1130 2127 1219 2184 voto
1243 2113 1441 2189 Salomonis

247 2274 251 2280 .
289 2200 746 2298 conjungereindicarent:
771 2201 1023 2276 aciidicerent.
1049 2201 1158 2302 Quod
1172 2207 1335 2299 Salomn,
1353 2231 1439 2288 cum

288 2323 400 2374 orcam
422 2301 459 2372 in
481 2295 673 2392 Templum
687 2296 881 2389 transtulit,
909 2299 1032 2384 vovit,
1060 2315 1098 2372 ut
1112 2303 1210 2377 locus
1224 2303 1348 2378 stabilis
1367 2307 1440 2382 Dei
1591 2375 1595 2386 .

281 2387 419 2492 ,quieiis
444 2393 487 2467 sit
500 2394 716 2488 Templum,
741 2394 907 2488 Deusque
926 2395 973 2467 ibi
989 2394 1055 2467 tite
1072 2394 1200 2471 &cum
1215 2401 1331 2475 fruilu
1346 2405 1454 2478 cola:
1545 2403 1546 2406 ’
1667 2431 1670 2442 ’
1719 2470 1721 2480 .

279 2509 346 2571 ‚tur
367 2492 405 2568 in
427 2488 655 2584 perpetuum:
688 2491 775 2566 illud
794 2503 859 2565 nos
881 2489 1036 2564 similiter
1055 2494 1151 2568 votis
1162 2495 1286 2570 nostris
1302 2501 1439 2591 expeti·
1492 2556 1504 2576 .
1571 2559 1573 2564 ,
1636 2529 1643 2536 ·
1782 2567 1788 2577 .

287 2597 387 2676 mus,
425 2609 542 2681 eoque
562 2589 637 2683 ipso
659 2587 908 2664 testatissimum
922 2589 1085 2664 volumus
1111 2587 1269 2666 nostruin
1290 2593 1437 2671 consen-

283 2685 359 2762 sum
380 2688 416 2760 in
438 2685 527 2760 hanc
549 2688 727 2784 religionis
748 2685 888 2777 sedem;
914 2685 1003 2768 nihil
1019 2689 1124 2784 magis
1142 2688 1178 2761 in
1195 2693 1289 2764 votis
1306 2692 1435 2770 baben·

283 2801 360 2872 tes,
387 2805 491 2880 quam
510 2799 551 2857 ut
573 2782 654 2856 Deo
677 2785 752 2857 haec
778 2782 876 2858 sedes
898 2799 1075 2878 perpetuo
1100 2788 1254 2880 placeat,
1286 2789 1433 2884 ejusque

286 2880 339 2956 sui
363 2882 572 2974 beneplaciti
592 2881 684 2978 signa
698 2881 785 2970 det,
811 2877 996 2958 &effesia
1047 2879 1137 2956 Cum
1153 2883 1270 2976 itaque
1288 2885 1432 2978 dicunt,

284 2975 391 3075 Surge
410 2973 564 3076 Jelooa,
598 3000 673 3052 non
693 2977 871 3067 indicant,
901 2995 1018 3050 arcani
1041 2979 1198 3054 nondum
1225 2981 1261 3056 in
1274 2981 1432 3077 Templo

180 3107 185 3117 ¹
279 3073 350 3148 esse
370 3077 601 3164 collocatam,
633 3088 676 3148 ut
697 3077 805 3170 verba
826 3075 1011 3150 continere
1034 3074 1226 3165 videntur,
1259 3079 1317 3151 sed
1336 3081 1432 3154 Salo.

280 3193 428 3248 monem
450 3173 491 3246 iis
515 3171 633 3246 verbis
651 3171 711 3244 suo
727 3193 824 3264 aeque
839 3195 880 3246 ac
896 3172 1046 3246 aliorum
1061 3174 1206 3248 nomine
1224 3174 1293 3248 else
1309 3175 1434 3267 usump
1484 3173 1487 3183 '

278 3268 422 3362 seseque
438 3267 524 3341 illud
555 3291 633 3364 urge
651 3265 785 3437 {ebena
798 3270 992 3344 Salomonis
1010 3269 1117 3345 etiam
1124 3269 1223 3368 suum
1240 3271 1370 3346 facere.

327 3374 356 3457 §.
384 3363 483 3438 XVI.
546 3381 647 3438 otum
688 3365 714 3441 is
731 3365 888 3440 versibus
901 3365 1193 3457 comprehensum
1212 3368 1342 3461 duplex
1357 3365 1429 3459 est.

265 3467 422 3539 niteram
472 3481 513 3534 ro
534 3458 739 3550 stabilitate,
764 3461 1034 3555 &perennitate
1048 3463 1174 3555 quietis
1189 3462 1259 3535 Dei
1274 3466 1310 3538 in
1325 3487 1365 3538 ea
1379 3463 1429 3540 se-
1556 3519 1568 3555 χ

220 3636 224 3644 ,
277 3563 345 3651 de,
372 3485 469 3656 ueri.)
477 3553 536 3647 8.,
567 3561 708 3630 alterum
730 3580 796 3650 pro
816 3553 917 3631 cultu
938 3558 988 3631 ibi
1005 3557 1072 3630 tite
1089 3557 1123 3632 δι
1139 3559 1217 3631 laete
1234 3559 1428 3661 defungen-

276 3661 347 3747 do,
372 3653 463 3729 vers.
478 3677 512 3746 9,
562 3651 686 3743 Prius,
701 3651 805 3750 surge
820 3651 951 3753 Jebooa
967 3651 1042 3727 &cz
1066 3653 1160 3729 idem
1175 3655 1279 3746 dicit,
1302 3680 1362 3751 ac,
1386 3659 1428 3736 fit

277 3757 336 3836 hic
360 3755 459 3828 locus
500 3756 596 3825 nieles
616 3751 764 3845 Jeliovae
779 3753 812 3826 ba
827 3774 914 3826 arcae
928 3750 1026 3824 sedes
1040 3747 1165 3825 stabilis
1180 3751 1213 3826 &
1231 3757 1426 3850 tranquilla.

280 3850 409 3928 Pbrafis
424 3777 580 3924 deffinita
596 3848 648 3922 est
661 3873 680 3924 a
692 3848 827 3924 solenni
843 3848 1017 3940 formula,
1044 3869 1113 3942 qua
1126 3847 1295 3928 Moses'in
1312 3854 1427 3929 deset-

280 3964 321 4025 to
345 3950 396 4024 uti
420 3947 576 4038 solebat,
592 3969 674 4022 curn
695 3970 773 4020 arca
797 3949 1013 4022 semoveret
1025 3945 1233 4028 ante'eastta
1246 3952 1290 4023 ad
1305 3951 1427 4028 locun
1487 3969 1489 3974 ·

281 4048 409 4142 quietis
429 4042 713 4137 monstrandum,
745 4043 778 4118 ἃ
802 4043 962 4214 cumlilla
986 4043 1115 4124 alicubi
1138 4045 1267 4144 pedem
1286 4044 1447 4220 figffret„

908 4161 941 4213 11
1391 4165 1430 4217 ce
