3984 5159
580 463 1615 663 m‘oouurnrnnrus

581 733 658 836 ipsu
678 732 808 822 verba,
833 727 962 824 quibus
982 723 1083 834 Deus
1101 721 1189 798 illud
1199 720 1380 893 protulit,
1404 715 1680 818 repraesentant,
1705 718 1741 798 dt

582 833 784 934 religionis,
809 825 979 922 &regpi,
993 817 1166 916 relpeliu.
1526 917 1532 929 Ι
1560 917 1568 930 ν

585 955 629 1026 17
646 935 738 1009 &18
758 925 977 1002 continetur.
1031 918 1174 1012 Verba,
1193 920 1320 1014 quibus
1335 918 1434 992 Deus
1449 917 1629 1012 pollicitus
1643 933 1739 1011 erat,

582 1027 867 1120 Hierosolymam
891 1019 972 1095 fore
998 1017 1138 1094 unicam
1167 1019 1202 1093 dt
1230 1034 1438 1116 perpetuam
1463 1015 1579 1093 cultus
1597 1013 1667 1090 Dei
1690 1015 1741 1090 se·

581 1129 695 1220 dem,
734 1141 849 1216 eoque
875 1118 1024 1194 nomine
1053 1113 1290 1212 prosperrime
1313 1111 1487 1204 asturam,
1520 1116 1569 1187 ita
1592 1113 1741 1210 sonant,

581 1225 675 1301 vers.
698 1221 856 1316 13—16.
883 1210 966 1301 Herc
987 1220 1053 1290 erit
1072 1221 1195 1312 requies
1217 1237 1287 1288 mea
1301 1216 1336 1286 iu
1348 1225 1562 1382 perpetuum:
1588 1211 1639 1286 lric
1655 1217 1745 1288 hali·

1232 826 1302 894 rius
1321 815 1410 894 vers.
1426 822 1559 910 14-16.
1583 815 1742 914 posterius

583 1325 680 1409 raro,
701 1323 780 1416 quia
799 1320 888 1412 cupii
911 1318 1016 1390 illem.
1067 1313 1248 1390 Aurorae
1264 1313 1391 1386 urdene
1414 1311 1522 1385 irendu
1536 1311 1746 1398 benedicam}

579 1435 741 1519 pauperes
763 1416 833 1512 ejus
845 1411 1004 1510 saturabo
1024 1427 1121 1508 pune.
1171 1402 1221 1484 Et
1230 1336 1410 1504 llrrerdoter
1423 1431 1493 1506 ejus
1507 1409 1745 1506 induamsalu-

585 1533 641 1608 τις
667 1514 711 1599 &⁹
722 1518 775 1611 pii
795 1513 864 1609 ejus
878 1516 971 1584 lutus
987 1532 1081 1584 voces
1097 1509 1201 1585 edent.
1251 1505 1390 1680 qtltibus
1407 1507 1545 1606 verbis,
1572 1506 1664 1582 haud
1679 1507 1745 1584 dif-

583 1612 732 1693 ficilibus
746 1609 948 1696 intelledlu,
970 1603 1202 1704 fignificatur,
1227 1629 1259 1680 a.
1314 1599 1534 1706 ierosolymae
1550 1603 1630 1680 fore
1654 1599 1748 1682 Tern-

581 1718 677 1814 plum
699 1711 787 1800 Dei,
813 1707 911 1801 quod
931 1703 1005 1798 ipse
1026 1718 1179 1778 externo
1201 1699 1396 1798 praesentiae
1418 1701 1486 1786 suae
1501 1702 1667 1804 ¹symbolo
1682 1705 1748 1780 ho·
1789 1761 1800 1776 .

585 1824 754 1898 notaret,
781 1806 891 1882 &ubi
913 1804 1030 1880 cultus
1049 1797 1254 1899 religiosus,
1278 1802 1414 1896 populo
1428 1798 1669 1896 praescriptus,
1693 1799 1747 1877 so·

584 1911 660 1986 lum
679 1919 927 1989 exerceretur,
958 1899 1039 1975 fore
1060 1916 1182 1976 autem
1197 1899 1247 1974 ibi
1264 1899 1381 1973 sedern
1394 1897 1576 1997 religionis
1590 1893 1696 1976 fixam
1711 1897 1749 1975 dr

585 2007 765 2090 stabilem,
790 2023 858 2075 nec
872 2020 940 2094 pro
954 1999 1057 2074 brevr
1072 2013 1263 2092 tempore,
1284 2013 1346 2072 aut
1363 1995 1570 2092 interruptis
1587 1998 1749 2092 vicibus,

585 2103 648 2178 sed
673 2101 850 2177 continuo
867 2098 903 2168 dt
922 2100 960 2170 in
984 2110 1225 2191 perpetuum
1264 2093 1432 2190 quamdiu
1452 2096 1512 2168 illa
1530 2093 1747 2172 oeconomia
1811 2145 1816 2153 -

585 2198 706 2276 staret.-
754 2195 845 2293 Quae
865 2193 1097 2290 prerogativa
1121 2190 1378 2286 Hierosolymae
1393 2194 1437 2266 ab
1452 2190 1525 2286 ipsa
1538 2189 1611 2267 Dei
1626 2195 1748 2270 elellio·

586 2311 627 2374 ne
655 2294 830 2392 originem
855 2290 1023 2382 haberet,
1061 2299 1139 2386 quia
1162 2285 1227 2385 ipse
1254 2313 1324 2364 eam
1345 2293 1488 2384 expetii,
1512 2289 1608 2367 addit
1632 2290 1747 2369 Deus.

586 2395 659 2474 Hic
680 2391 796 2469 sensus
823 2387 875 2464 est
905 2386 996 2464 vers.
1026 2409 1081 2478 14.
1110 2384 1460 2481 exsuperioribus,
1500 2389 1562 2462 ubi
1584 2387 1747 2489 singula,

586 2514 666 2588 quae
682 2491 741 2565 hic
756 2503 973 2574 occurrunt,
991 2483 1157 2578 exposui,
1173 2481 1251 2558 satis
1265 2481 1400 2574 clarus3
1416 2505 1524 2578 quare
1540 2485 1628 2560 nihil
1642 2486 1746 2564 addoa

584 2595 617 2668 l.
634 2587 875 2688 significatur,
901 2575 1157 2676 Hierosolymo
1181 2579 1427 2656 conditionem
1452 2603 1500 2656 eo
1523 2586 1671 2660 nornine
1691 2583 1750 2666 fo,-

539 2751 546 2762 ,
578 2709 628 2763 -re
645 2687 937 2780 prol'perrimam,
970 2700 1119 2775 eamque
1139 2679 1321 2775 quibusvis
1345 2679 1448 2754 bonis
1468 2679 1575 2772 huius
1590 2683 1672 2758 vitae
1686 2681 1749 2757 ah.

587 2787 820 2872 undecuma,
845 2778 938 2854 vers.
962 2799 1020 2870 15.
1041 2800 1177 2852 emuna
1203 2777 1273 2874 ejus
1289 2771 1481 2868 benedicam.
1504 2777 1540 2852 h.
1557 2800 1592 2854 e.
1640 2775 1750 2874 Curas-

586 2884 658 2968 b0,
691 2897 732 2953 ut
755 2891 951 2971 proventus
972 2870 1228 2968 Hierosolymae
1250 2873 1290 2950 lit
1304 2871 1574 2969 copiolrllirnus,
1602 2875 1740 2974 ibique*

490 3031 497 3058 ,
583 2974 757 3074 ⁴quitquid
782 2975 826 3048 ad
855 2974 967 3050 vitam
995 2969 1275 3065 sustentandam,
1309 2973 1450 3048 &laete
1470 2975 1663 3071 agendam,
1696 2925 1749 3050 effi

583 3073 839 3160 uccellnrium,
879 3068 1011 3146 summa
1031 3071 1136 3166 copia
1158 3071 1364 3164 reperiatur.
1426 3069 1508 3146 Vox
1532 3071 1644 3150 Hebr.
1666 3081 1750 3168 pro'-

581 3178 665 3272 prie
684 3172 730 3254 de
753 3171 946 3256 uenatione,
968 3189 1134 3244 necnon
1152 3173 1330 3264 piscatione
1349 3166 1558 3264 usurpatur,
1584 3169 1643 3246 sed
1663 3173 1749 3248 inde

586 3274 632 3355 ad
645 3275 827 3358 olatluun,
840 3283 1104 3358 commeatum,
1119 3265 1154 3340 dt
1169 3265 1329 3360 quemvis
1345 3264 1565 3358 proventum
1580 3290 1621 3344 ac
1636 3291 1748 3347 anno·

589 3363 1122 3461 nam‚trtnsfernrt,1tranfitu
1144 3361 1236 3439 haud
1256 3363 1364 3460 longe
1390 3382 1557 3455 remoto,
1579 3389 1678 3444 cum
1700 3387 1747 3443 ex

580 3474 764 3546 uenatum
786 3485 829 3540 ac
846 3468 1028 3562 piscatione
1042 3459 1160 3558 palllm
1173 3461 1398 3538 delicatiores
1413 3463 1484 3538 cibi
1498 3459 1745 3560 compararen-

586 3577 658 3642 tur.
706 3566 763 3641 Sic
787 3585 854 3658 pro
875 3568 998 3639 uiatico
1022 3564 1120 3638 venit
1144 3559 1216 3655 Jos.
1237 3584 1285 3638 rx.
1305 3561 1340 3636 dt
1363 3561 1549 3654 pro-omni
1567 3565 1633 3638 cilo
1648 3561 1742 3640 Nelr'.

551 3695 556 3704 ’
587 3681 671 3738 xrrr.
699 3662 846 3738 &alibi
873 3683 942 3736 axx
964 3676 1154 3736 verterunt
1175 3660 1292 3758 Sigal:
1318 3683 1385 3754 pro
1407 3683 1476 3754 qua
1492 3683 1587 3736 voce
1604 3683 1685 3738 cum
1698 3661 1745 3736 ir-.

579 3757 745 3849 -repusret
763 3759 859 3838 vitio
882 3759 1104 3835 librariorum
1152 3755 1242 3850 ripa»,
1278 3754 1384 3854 Vulg.
1410 3759 1563 3835 reddidit
1584 3763 1743 3851 uiduam

585 3853 828 3951 incogitantiae
851 3855 1061 3949 lnterpretis
1083 3790 1217 3950 inffgne
1238 3853 1438 3950 specimen!
1465 3857 1638 3958 Additur,
1662 3873 1742 3959 pau·

577 3969 678 4053 pem
692 3951 894 4047 ejusscrtlrlr
904 3968 1012 4049 pane,
1037 3954 1072 4028 h.
1088 3966 1236 4044 etanta
1250 3953 1321 4028 erit
1339 3953 1593 4032 alimentorum
1617 3957 1741 4050 copia',

586 4071 630 4130 ut
644 4051 705 4132 vel
724 4067 900 4146 properes
917 4052 1094 4153 &egeni,
1117 4072 1272 4149 quorum
1287 4068 1451 4158 tempore
1464 4053 1619 4138 caritatis
1633 4076 1743 4130 auno·

1388 4175 1392 4183 ·
1687 4169 1742 4229 nu
