3984 5159
584 566 663 665 ,n
736 523 1625 688 .no.atat··u.u†a·.u·1.us·

587 756 635 808 oa
649 731 685 809 dt
699 731 857 820 ordivit,
886 723 931 811 U
946 720 1145 822 redemptus
1162 735 1233 796 erat
1249 723 1331 796 liter
1349 728 1543 798 mennriollr
1558 747 1674 800 aarum
1696 723 1761 825 Je-

589 835 674 906 bova
688 833 757 908 dre.
772 829 833 904 ubi
852 826 922 901 vid.
938 822 1040 901 ditia.
1090 819 1200 897 Notae
1214 819 1323 898 etiam
1340 819 1419 896 sunt
1440 827 1594 922 διφθέραι
1608 824 1716 918 Jotis
1727 855 1755 901 a.

588 931 675 1008 Non
713 930 833 1021 itaque
861 925 907 998 de
941 919 1162 1018 praescientia
1197 937 1259 994 aut
1286 919 1666 1014 praedeterminatione
1689 921 1755 996 Dei

588 1044 723 1105 eterna
743 1029 801 1102 hic
822 1024 956 1120 agitur,
981 1019 1043 1096 sed
1066 1019 1109 1094 de
1129 1017 1285 1111 judiciali
1304 1018 1554 1095 observatione
1574 1019 1758 1098 auronum

587 1127 626 1202 o
641 1126 798 1202 fatorum
813 1120 999 1200 hominurn
1017 1119 1054 1194 in
1070 1133 1235 1211 tempore
1246 1137 1322 1206 ,eo
1338 1117 1467 1212 scopo,
1486 1134 1527 1191 ut
1541 1119 1678 1214 cuique
1696 1119 1755 1194 luo

590 1215 1761 1414 {imlgiia‘iildddii{libiade-hibi&filiiflii

1179 1366 1188 1386 ·
1249 1365 1259 1386 ·
1320 1368 1329 1388 ·
1505 1363 1518 1402 r

590 1415 642 1492 Ps.
657 1435 754 1490 uxtx:
777 1437 834 1507 29.
849 1416 1019 1488 deleantur
1033 1437 1048 1486 e
1064 1415 1145 1486 libro
1155 1416 1327 1500 vitarum,
1339 1407 1382 1494 ἃ
1397 1435 1468 1484 cum
1480 1409 1583 1508 justis
1599 1437 1671 1487 non
1679 1413 1761 1510 scri-
1836 1499 1837 1522 χ

591 1513 782 1596 bantursh.
802 1534 834 1588 e.
855 1528 973 1590 morte
996 1508 1205 1590 adficiantur
1230 1507 1390 1584 violenta
1412 1509 1450 1584 dr
1466 1509 1619 1602 infami,
1648 1534 1757 1610 eaque
1837 1526 1838 1552 ¹

590 1612 728 1689 ratione
748 1613 915 1708 catalogo
936 1610 1136 1684 viventium
1159 1623 1428 1703 expungantur,
1462 1606 1525 1680 Ex.
1549 1630 1759 1706 xx111233.

592 1731 662 1796 nec
692 1710 809 1788 locum
836 1711 929 1784 inter
946 1704 1086 1800 iustos,
1115 1701 1176 1778 sed
1198 1705 1390 1798 inprobos,
1427 1704 1585 1780 habeant
1607 1707 1649 1782 in
1671 1710 1762 1786 libro

595 1824 662 1884 tuo
675 1804 961 1898 memoriali,qui
976 1803 1152 1880 malorum
1168 1800 1203 1874 &
1217 1804 1396 1880 bonorum
1411 1805 1700 1898 comprehendit
1715 1831 1761 1883 ca·

594 1906 776 2004 talogum,
799 1903 927 1999 quibus
946 1902 1090 1996 premia
1104 1899 1278 1996 adlignata
1298 1897 1378 1974 sunt
1390 1900 1426 1972 dt
1440 1921 1579 1996 poenae.
1633 1905 1763 1985 Obstat

593 2002 736 2098 insuper
748 2015 902 2096 recepte
921 1997 1126 2089 sententio,
1151 1995 1185 2069 dt
1208 1994 1337 2074 nostrae
1358 1998 1498 2092 pondus
1511 2000 1639 2090 addit,
1669 2008 1762 2098 quod

592 2103 632 2182 in
653 2101 722 2175 fut.
741 2100 898 2185 dicatur,
914 2096 1102 2193 soa'bmtur
1128 2116 1165 2168 ea
1179 2099 1307 2184 omnia,
1331 2113 1564 2194 argumento,
1593 2098 1765 2198 inscripta

595 2217 672 2274 non
694 2209 833 2270 tantum
854 2193 945 2285 elie,
969 2194 1030 2270 sed
1046 2189 1282 2268 adhucetiam
1300 2191 1531 2270 inscribenda
1583 2196 1755 2276 Cetertun

597 2313 728 2385 voces,
752 2296 860 2368 omnia
875 2289 958 2385 ἰῙία,
982 2292 1165 2386 pertinent
1184 2286 1371 2366 manifeste
1395 2293 1439 2366 ad
1456 2293 1567 2368 modo
1584 2317 1754 2374 memora·

597 2405 672 2468 tam
700 2394 1039 2478 circumvolutionem
1065 2385 1325 2464 construetione
1348 2409 1425 2466 non
1444 2387 1490 2464 ad
1512 2411 1678 2486 vocem,
1704 2394 1764 2472 led
1842 2397 1843 2424 ¹

597 2509 676 2566 rem
701 2485 926 2588 fignificatam
955 2483 1245 2574 adcommodata,
1284 2483 1446 2580 adeoque
1467 2494 1575 2562 omnia
1597 2513 1643 2566 ea
1665 2515 1765 2572 com·

596 2587 825 2684 prehendunt
837 2586 958 2662 omnia
970 2582 1063 2660 rada
1077 2584 1112 2660 tr
1126 2583 1216 2671 fata,
1243 2588 1578 2676 percontationem
1591 2588 1768 2687 fignifica-

597 2700 646 2767 ta.
695 2684 806 2784 Quod
819 2683 899 2757 satis
911 2683 1033 2758 tritum
1048 2681 1145 2756 est&
1161 2679 1301 2779 facile.)

647 2786 682 2871 §-
698 2789 826 2858 xxiia
852 2781 1007 2856 Additur
1026 2778 1200 2872 denique,
1238 2780 1306 2852 dier
1333 2777 1612 2874 adseruabantur,
1638 2811 1702 2864 ner
1720 2788 1765 2886 ast

598 2882 740 2956 eximius
755 2881 793 2950 io
815 2874 908 2968 illis,
934 2877 994 2950 vel
1014 2901 1070 2953 nec
1091 2897 1177 2951 unus
1193 2871 1237 2966 est
1258 2881 1345 2950 iuter
1360 2898 1430 2966 eor,
1453 2879 1587 2956 seilicet
1604 2887 1669 2977 qui
1687 2909 1769 2966 non

600 2971 868 3060 observabitur,
893 2973 938 3046 de
960 2995 1032 3064 quo
1047 2993 1143 3048 mox.
1166 2971 1224 3066 (h.
1240 2995 1273 3048 e.
1292 2971 1430 3048 tana&
1446 2975 1650 3067 fata‚s1cut
1676 2983 1765 3061 Deo

598 3073 683 3152 sunt
706 3067 858 3166 inspetta
878 3071 1021 3147 &libro
1033 3070 1229 3146 memoriali
1244 3071 1429 3167 inscripta,
1455 3075 1506 3150 ita
1519 3097 1665 3172 quoque
1685 3098 1768 3158 tem.

595 3187 679 3274 pora
698 3170 853 3269 ungula,
876 3168 1005 3262 quibus
1020 3165 1079 3242 illa
1093 3169 1346 3266 contigerunt,
1366 3173 1507 3262 omnia,
1528 3195 1575 3248 ne
1591 3197 1668 3254 uno
1687 3184 1768 3274 qui·

600 3269 685 3348 dem
705 3281 882 3362 excepto,
911 3263 1148 3343 observantur
1171 3289 1191 3340 a
1213 3266 1316 3356 Deo,
1351 3267 1528 3346 &mente
1554 3279 1767 3356 recondun-

599 3383 671 3446 tur.
719 3367 828 3445 Hunc
847 3364 944 3441 euim
957 3366 1156 3441 verborum
1176 3360 1372 3440 existimem
1388 3363 1459 3439 elie
1473 3371 1669 3466 genuinum
1684 3375 1767 3452 sen-

600 3465 699 3554 sum,
723 3466 840 3542 minus
866 3462 962 3540 teile
984 3475 1223 3560 perceptum,
1247 3462 1343 3556 quod
1366 3467 1516 3543 verbum
1531 3493 1590 3543 nn
1603 3472 1699 3546 male
1720 3474 1767 3549 ad

599 3561 756 3638 radicem
779 3591 826 3640 rr·
845 3559 996 3655 fonnare
1017 3560 1226 3652 retulerint,
1251 3583 1333 3637 cum
1352 3561 1394 3638 sit
1414 3585 1434 3636 a
1454 3565 1525 3638 rad.
1549 3592 1630 3658 arr,
1656 3567 1766 3647 sensu

599 3658 813 3753 inspiciendi,
829 3662 1041 3751 moerendi,
1057 3661 1091 3736 δι
1105 3656 1304 3753 olffooandi.
1320 3659 1557 3758 Praeterquarn
1573 3667 1670 3758 quod
1687 3691 1768 3744 ma.

602 3756 656 3854 gis
679 3757 905 3850 regulariter,
937 3757 1131 3836 seeundum
1155 3754 1417 3849 nuntiatorem,
1448 3786 1501 3834 rrr
1520 3761 1766 3840 constituatur

602 3849 723 3940 radix,
756 3848 928 3943 formandi
951 3855 1055 3932 notio
1083 3852 1142 3927 hic
1164 3851 1299 3929 admitti
1321 3855 1466 3950 nequit,
1500 3881 1582 3933 curn
1606 3861 1765 3954 phrufis,

596 3947 855 4047 formabuntur,
865 3955 925 4029 vel
938 3950 1081 4030 formati
1098 3946 1201 4041 sunt,
1216 3951 1305 4044 dier,
1319 3951 1456 4030 sensum
1471 3975 1545 4031 non
1559 3956 1761 4130 smmi:

637 4187 662 4236 e
683 4120 762 4237 Vid.
785 4164 991 4236 amiciffimm
1014 4167 1215 4243 Valckenaer
1237 4172 1278 4244 ad
1299 4137 1431 4243 Herod.=
1445 4175 1468 4243 l.
1492 4195 1524 4245 v.
1547 4192 1578 4241 c.
1604 4193 1659 4259 50.
