3984 5159
647 600 724 699 5⁶0
823 597 1004 683 conr
1039 597 1084 676 u
1121 599 1465 683 trutina
1504 605 1523 682 1
1558 607 1654 707 op
1755 689 1758 693 ,

656 813 741 890 tur,
767 800 1007 892 quamoralis:
1033 815 1139 888 quam
1159 792 1209 869 ita
1229 791 1406 886 instituit,
1443 808 1490 874 ut
1505 797 1637 894 ubique
1651 796 1773 889 ininuet,

644 897 715 972 'vel
742 896 919 984 declaret,
957 893 994 967 se
1016 907 1097 968 toto
1121 892 1266 982 anime,
1301 913 1555 986 peromnem
1576 892 1680 970 vitam
1697 895 1773 980 sucu,

653 1015 733 1070 earn
755 1015 838 1068 curn
859 995 982 1066 intima
1006 987 1225 1084 persuasione
1247 989 1454 1086 agnovisse,
1493 990 1588 1086 saepe
1609 995 1774 1085 contenpl-

653 1107 731 1168 tum
751 1090 786 1165 dt
809 1087 1017 1162 admiratum
1038 1085 1129 1174 elle,
1154 1084 1300 1182 suasque
1320 1085 1558 1162 adfectiones
1573 1089 1608 1162 dt
1621 1087 1774 1163 adsonuri

652 1185 909 1273 conformasse,
941 1183 1100 1278 adeoque
1118 1205 1238 1260 coram
1261 1182 1365 1272 Deo,
1389 1182 1611 1278 inspectore
1629 1202 1665 1259 et
1676 1187 1773 1278 jndice,

654 1281 842 1364 ambulasse
865 1283 1044 1381 integrum
1065 1280 1103 1384 ,dt
1125 1279 1318 1371 sincerum
1350 1304 1370 1355 a
1389 1279 1621 1371 sceleribus,
1646 1301 1680 1357 et
1694 1283 1774 1375 impio

650 1381 732 1456 runi
756 1377 936 1454 consortio
958 1377 1178 1474 separatum,
1219 1381 1304 1473 quin
1327 1375 1472 1453 hostem
1497 1401 1653 1468 eorum,
1683 1393 1774 1472 quau

651 1478 763 1567 lium,
787 1477 1057 1570 implacabilem.
1106 1475 1261 1576 Quando
1283 1477 1435 1551 eandem
1460 1471 1774 1570 provocationeml

651 1574 791 1662 Deum,
816 1573 943 1652 testem
966 1575 1001 1650 dt
1018 1574 1196 1668 judicem,
1214 1575 1361 1668 ejusque
1378 1573 1655 1667 inquisitionem
1669 1571 1774 1664 repetit,

639 1673 710 1758 dt,
730 1673 781 1746 uti
797 1671 1003 1765 inceperat,
1029 1669 1176 1752 desinit,
1201 1671 1465 1766 additaprece,
1483 1687 1530 1746 ut
1549 1671 1651 1744 Deus
1665 1666 1772 1742 seinul

651 1767 803 1844 deducat
816 1766 924 1843 insbrr
941 1765 1087 1861 pastoris
1101 1766 1138 1842 in
1152 1773 1378 1864 perpetuum.

550 1942 553 1946 s
659 1879 666 1892 '
699 1870 732 1956 i.
748 1866 793 1944 ll.
828 1865 886 1939 Ad
905 1887 1032 1939 verum
1055 1867 1252 1966 argumenti
1274 1863 1472 2036 consssettum
1496 1873 1683 1961 pertinet,
1706 1883 1728 1936 r.
1743 1859 1770 1931 ri·

650 1987 750 2054 rum,
775 1965 833 2058 qni
854 1963 912 2037 hic
930 1963 1107 2056 loquitur,
1138 1961 1314 2037 esle‘vera
1372 1963 1405 2037 ei
1431 1981 1614 2060 tanquam
1631 1957 1771 2043 omnisciis

650 2059 956 2152 omnipraesentis,
981 2060 1014 2132 δι
1035 2061 1183 2134 boni'ac
1203 2059 1284 2151 julli
1308 2059 1610 2149 conservatorIs,
1642 2055 1769 2134 Redoris·

636 2178 721 2249 'que
744 2156 887 2244 mundi,
910 2157 1116 2252 cognitione
1132 2159 1244 2250 probe
1259 2157 1454 2248 imbutum,
1485 2160 1523 2234 δι
1539 2158 1612 2232 side
1626 2159 1660 2232 in
1676 2151 1767 2248 ipsun

651 2273 720 2345 qua
732 2253 861 2341 talem,
888 2254 1094 2348 praeditum,
1120 2251 1219 2328 fimul
1242 2254 1316 2348 ejus
1341 2256 1625 2342 admiratorem,
1649 2248 1764 2327 &culte

651 2371 728 2424 rem
749 2347 943 2438 sincerum,
966 2371 1037 2425 nec
1060 2373 1134 2425 non
1151 2353 1266 2425 omnis
1282 2351 1359 2425 veri
1374 2352 1409 2425 dt
1421 2352 1512 2448 justi
1529 2349 1725 2435 studiosum,
1739 2343 1783 2450 ψ’

651 2448 751 2522 omni
775 2446 968 2542 hypocrisi,
1003 2450 1046 2520 ab
1075 2447 1173 2522 omni
1194 2447 1352 2522 facinore
1375 2449 1495 2544 pruvo
1525 2453 1693 2533 alienum,
1713 2457 1766 2546 llll

648 2559 898 2640 peccatorum,
925 2545 985 2620 seu
1011 2543 1254 2635 scelestorum,
1268 2567 1337 2642 qua
1354 2547 1502 2638 talium,
1531 2545 1768 2622 hostemacem·

650 2645 760 2719 mum’.
817 2642 906 2740 Quae
934 2645 1009 2736 ejus
1033 2643 1215 2736 qualitates
1237 2643 1307 2716 sese
1329 2642 1453 2739 sponte
1478 2647 1618 2738 ubique
1637 2638 1761 2715 offeruit

651 2763 684 2817 2.
706 2741 799 2816 Eurn
826 2741 928 2813 variis
955 2741 1068 2815 modis
1096 2739 1197 2813 fuisse
1218 2763 1239 2814 a
1260 2742 1345 2816 Deo
1365 2745 1571 2819 exercitum
1597 2733 1763 2828 &explora-

651 2853 750 2924 tum,
776 2837 836 2908 sed
850 2837 988 2930 semper
1006 2838 1111 2915 talem
1126 2837 1396 2932 deprehensum
1445 2837 1537 2938 Quo
1553 2839 1637 2915 mihi
1650 2828 1763 2930 pertire·

621 2998 625 3008 .
649 2955 690 3007 re
707 2932 872 3005 videntur
885 2937 1015 3022 verba,
1041 2932 1130 3008 vers.
1147 2959 1166 3029 3
1184 2933 1218 3007 dt
1235 2955 1268 3024 5.
1286 2951 1325 3011 ut
1338 2934 1402 3010 suo
1416 2937 1503 3013 loco
1518 2937 1666 3013 dicetur.
1694 2949 1719 3021 3.
1731 2920 1765 3027 lp

648 3029 725 3106 sum
753 3045 874 3105 tamen
900 3030 1001 3106 illurn
1030 3030 1129 3106 fuisse
1157 3033 1358 3132 graviorum
1380 3029 1592 3123 criminum,
1632 3031 1664 3102 in
1683 3025 1763 3124 specu

649 3127 874 3219 ambitionis,
889 3127 1168 3221 hypocrisros,&
1183 3129 1469 3228 sanguinolentiae
1479 3184 1492 3223 ,
1501 3129 1692 3227 suspeuun
1701 3115 1765 3220 habr-

649 3245 745 3318 tum,
760 3227 792 3325 dt
807 3249 908 3302 reum
925 3223 1060 3315 adium,
1086 3225 1171 3299 odio
1186 3249 1328 3324 quoque
1343 3228 1380 3302 in
1397 3229 1582 3318 homines,
1607 3228 1662 3299 seu
1677 3228 1782 3319 proti(

649 3348 769 3414 mum,
794 3324 853 3420 ipsi
878 3326 1070 3418 imputut0,
1096 3321 1174 3397 ansa
1188 3346 1233 3397 ex
1250 3327 1468 3419 separatione
1483 3331 1558 3421 ejus
1573 3349 1592 3397 a
1607 3324 1763 3417 peccatorl·

650 3426 719 3498 bue
733 3445 882 3518 arrepta.
933 3421 1145 3508 Huiusmodi
1169 3420 1350 3496 calumniis
1374 3425 1484 3517 ipsum
1500 3423 1602 3500 fuisse
1622 3415 1761 3512 petitum,

649 3525 863 3612 provocatio
885 3522 960 3615 ejus
980 3519 1023 3593 ad
1046 3520 1187 3607 Deum,
1212 3518 1337 3595 testem
1360 3521 1395 3595 dt
1414 3523 1589 3613 judicem,
1614 3529 1702 3588 extra
1719 3501 1761 3612 dl·

649 3619 747 3690 bium
772 3622 897 3711 ponit,
923 3621 958 3695 ἃ
978 3616 1093 3712 passim
1113 3617 1207 3691 rede
1222 3617 1449 3693 observatum
1463 3619 1530 3696 est:
1558 3615 1633 3698 sed,
1649 3606 1760 3715 crimus

649 3719 843 3788 memorata
869 3716 931 3807 ipsr
956 3715 1059 3789 fuisle
1081 3715 1248 3810 impacta,
1271 3716 1438 3812 colligere
1455 3719 1538 3791 mihi
1556 3709 1650 3810 posse
1666 3697 1761 3776 uideor

651 3830 694 3879 ex
708 3810 894 3902 pericopa,
920 3811 1010 3886 vers.
1037 3813 1193 3885 13-22,
1217 3832 1283 3904 qua
1305 3811 1339 3886 se
1359 3815 1402 3886 ab
1423 3810 1614 3889 istiusmodi
1630 3805 1759 3900 peccato·

649 3907 744 3979 ribus
766 3906 1004 3984 alienissimum
1024 3903 1232 4001 profitetut3
1259 3908 1358 3984 simul
1372 3913 1551 4008 agnoscit,
1577 3907 1610 3982 se
1630 3921 1682 3975 eos
1695 3888 1759 3966 obs·

645 4003 703 4092 se,
731 4023 804 4076 110ss
827 4025 895 4096 qua
913 4005 1096 4096 homines,
1116 4005 1174 4079 sed
1199 4005 1372 4082 scelestos.
1432 4009 1488 4080 De
1508 4031 1579 4101 quo
1593 3982 1755 4098 postealsuo

643 4103 740 4180 loco.
796 4098 935 4175 Eodem
954 4103 1061 4180 etiarn
1087 4106 1234 4182 tendere
1257 4105 1417 4196 videtur,
1450 4107 1545 4202 quod
1570 4085 1755 4268 Deiriubffi?
