3984 5159
370 489 377 497 '
465 502 479 516 ·
527 507 613 564 an*
662 491 690 570 Ρ
734 496 759 578 S
804 499 843 581 it
890 504 923 583 L
971 510 1052 590 Μ.
1101 515 1300 606 CXLIII.
1386 543 1469 646 5⁶97

297 679 541 775 parturiamus
555 686 900 781 consummantur
914 722 1012 781 mee:
1027 713 1081 786 uti
1091 719 1184 794 verti
1194 711 1321 820 debet,
1340 694 1466 828 dequo

305 778 431 870 postea
490 782 576 884 Quo
604 791 712 866 etiam
731 792 846 888 facit,
882 805 980 896 quod
1006 805 1114 886 status
1136 817 1240 909 ipsios
1261 835 1460 917 praererttus

305 877 521 953 describatur
541 896 708 977 tanquam
732 891 824 967 bene
839 916 1137 1000 coagmentatus,
1153 913 1187 988 u
1203 921 1371 1016 prosper,
1398 953 1461 1008 un·

295 973 350 1046 de
375 978 578 1067 exciderat,
604 984 638 1054 dc
660 985 789 1080 inquo
812 991 931 1071 denuo
954 1003 1123 1081 collocari
1144 1017 1331 1111 cupiebat,
1364 1028 1454 1105 vers.
1549 1033 1551 1040 ’

303 1090 340 1162 3,
368 1095 424 1146 11.
485 1079 514 1149 i.
541 1074 719 1173 Prasmris
753 1107 846 1164 vero
881 1096 957 1184 eius
986 1103 1203 1181 conditionis
1238 1116 1455 1203 characteres

129 1201 147 1247 ,2
293 1173 473 1264 praecipui
493 1175 572 1248 suut
596 1175 793 1272 sequentes.
858 1209 891 1263 ι.
916 1188 1055 1270 Primus
1077 1199 1149 1289 est,
1171 1211 1270 1298 quod
1292 1217 1335 1290 ab
1349 1220 1453 1299 hosti·
1506 1218 1511 1227 ’
1536 1229 1557 1239 ““

129 1253 134 1259 ’
296 1263 365 1342 hus
381 1265 491 1344 fucrit
504 1275 602 1346 omni
617 1275 674 1352 sua
688 1277 836 1356 fortuna
848 1284 1012 1383 excuffur,
1039 1301 1113 1368 uita
1131 1298 1191 1375 seu
1206 1326 1453 1406 coagmeututiu.

126 1353 148 1446 g
295 1361 409 1458 nesuu
430 1369 607 1444 adterram
620 1374 767 1463 adtrita,
793 1382 883 1455 vers.
900 1407 933 1477 3.
985 1410 1018 1463 2.
1046 1389 1229 1490 Secundus,
1256 1411 1352 1500 quod
1367 1415 1450 1493 loco

288 1461 488 1552 presentia
510 1464 609 1558 Dei,
649 1469 965 1557 &communionis
986 1487 1062 1577 ejus
1085 1497 1279 1592 exercitio,
1319 1507 1361 1583 fit
1388 1533 1449 1588 ex.
1510 1500 1513 1507 ’

294 1555 427 1648 clusus,
451 1563 551 1638 acin
576 1566 663 1639 iocis
686 1572 915 1653 tenebrarum
936 1581 1104 1660 obertire
1121 1593 1282 1692 coaetos,
1307 1608 1394 1684 vers
1410 1635 1444 1705 3.

290 1651 330 1728 in
354 1657 479 1734 ultimo
498 1665 687 1753 membr03
721 1666 755 1740 dr
779 1673 838 1746 ubi
858 1667 1047 1768 defiderium
1068 1684 1158 1776 Dei,
1190 1687 1261 1785 q'uo
1288 1701 1443 1784 adfectus

128 1781 140 1848 ις
289 1766 385 1842 erat,
410 1759 589 1851 expromit
602 1759 693 1834 vers.
711 1773 749 1853 6,
765 1787 799 1858 7.
822 1790 891 1843 nec
905 1794 981 1850 non
994 1780 1087 1856 vers.
1105 1805 1160 1860 10.
1188 1793 1248 1864 ubi
1260 1800 1353 1889 petit
1367 1804 1442 1879 duci

285 1851 324 1921 iu
348 1864 469 1926 terram
488 1860 736 1949 complanatam.
787 1885 821 1954 3.
859 1865 992 1945 Tertius
1017 1875 1090 1966 est,
1129 1887 1226 1976 quod
1246 1894 1290 1966 ad
1312 1918 1439 1978 necem
1568 1939 1571 1948 .

282 1944 397 2019 suerit
412 1949 595 2042 quaritur,
622 1952 711 2028 vers.
729 1978 763 2051 3.
794 1961 961 2059 imprimo
982 1977 1155 2052 membro.
1206 2007 1240 2075 4.
1265 1985 1435 2091 Quartus,

128 2082 139 2152 ᾗ
281 2042 383 2135 quod
404 2043 511 2120 status
533 2048 573 2123 sit
588 2050 831 2150 ejustnaturre,
858 2081 898 2138 ut
913 2069 1069 2147 animum
1085 2075 1121 2150 in
1136 2075 1316 2174 stuporem
1329 2092 1364 2167 dt
1377 2096 1436 2169 de-

282 2138 522 2238 sperationem
546 2168 593 2243 co

275 2239 438 2335 erigeret
459 2241 693 2320 meditatione
713 2255 989 2343 precedentium
1013 2263 1083 2339 Dei
1101 2292 1270 2368 opetum,
1296 2286 1336 2376 id,
1347 2311 1431 2381 quo.

270 2354 350 2428 que
365 2335 522 2429 faceret3
548 2341 636 2420 vers.
649 2368 688 2436 4,
704 2369 740 2436 5.
788 2369 823 2441 5.
850 2351 999 2454 Quirttur
1015 2360 1085 2453 est,
1110 2363 1238 2456 statum
1255 2379 1324 2452 esie
1340 2388 1430 2466 adeo

278 2433 538 2529 periculosum,
562 2455 622 2530 ut,
636 2443 701 2516 nifi
714 2461 914 2544 quantocyus
929 2453 1027 2530 Deus
1041 2459 1239 2560 succurrat,
1256 2495 1337 2556 cum
1352 2485 1427 2578 ipso

271 2526 390 2614 udum
405 2531 458 2608 tit.
507 2535 616 2634 Quod
629 2545 789 2634 precatio
803 2547 876 2633 ejus
893 2549 985 2624 clare
1004 2555 1155 2652 indicat,
1175 2568 1262 2644 vers.
1280 2593 1301 2666 7
1318 2576 1351 2652 u
1367 2585 1423 2674 8.,

270 2626 336 2699 ubi
354 2647 454 2719 orat,
486 2648 528 2711 ut
547 2635 647 2708 Deus
671 2643 734 2710 cito
756 2640 985 2740 respondeat,
1019 2651 1167 2734 &maur
1188 2669 1423 2765 audirefaciat

271 2713 375 2816 ipsum
389 2730 622 2822 benignitatem
624 2729 733 2825 suam.

266 2875 274 2884 .
322 2823 354 2906 §.
382 2817 467 2895 iv:
493 2852 531 2916 y.
560 2824 754 2922 Denique,
788 2839 884 2928 quod
912 2841 956 2916 ad
979 2846 1091 2943 causas
1114 2857 1292 2949 presentis
1311 2867 1446 2953 statut,

594 2150 728 2240 njicete
747 2154 870 2247 potiit,
895 2160 949 2250 dr,
973 2163 1035 2240 nisi
1060 2168 1345 2270 fingularimodo
1361 2191 1433 2284 sese

133 2991 140 3000 ‚
265 2913 395 2992 adflicti
417 2919 574 3010 adtinet,
605 2922 677 2998 five
695 2943 827 3024 propter
848 2959 950 3030 quas,
980 2939 1055 3019 five
1072 2964 1134 3046 per
1156 2981 1257 3053 quus,
1290 2988 1417 3050 notan·
1567 3023 1570 3030 ·

261 3010 353 3088 dum
375 3011 439 3091 est.
470 3039 504 3091 a.
529 3019 661 3098 nullam
685 3023 839 3104 habuisse
859 3035 975 3114 hostes
1000 3047 1138 3127 causam
1155 3054 1279 3149 justam
1300 3065 1425 3160 ipsum.

262 3109 481 3201 insectandi,
515 3115 575 3189 sed
595 3117 678 3195 Deo
699 3121 800 3199 fuisse
820 3129 946 3221 justam
968 3137 1055 3216 illud
1087 3154 1340 3250 permittendi,
1373 3168 1411 3248 in

259 3211 417 3301 peccatis
439 3214 519 3304 ejus.
536 3212 645 3293 fitam.
693 3221 802 3320 Quod
829 3244 1020 3328 utrumque
1046 3241 1178 3330 indicat
1199 3255 1289 3338 vers.
1316 3281 1351 3348 1,
1375 3287 1409 3344 2.

259 3306 322 3380 ubi
341 3308 471 3399 partim
493 3328 598 3402 orat,
621 3331 663 3400 ut
677 3318 776 3394 Deus
791 3323 828 3398 in
842 3327 977 3420 juditia
996 3335 1231 3440 respoudeat,
1255 3353 1408 3444 hostium

257 3399 392 3477 scilicet
413 3405 592 3500 respectu,
619 3417 747 3505 partim
768 3418 813 3490 de
838 3442 979 3501 recatur
987 3433 1149 3525 judicium
1171 3443 1264 3539 Dei,
1284 3475 1406 3542 coram

258 3519 333 3591 quo
355 3505 504 3577 omnino
524 3526 624 3580 reum
645 3508 717 3602 sese
732 3442 926 3594 conticetur
947 3546 997 3600 eo
1007 3531 1095 3624 ipso.
1127 3541 1158 3615 i.
1174 3540 1319 3625 Autores
1336 3558 1404 3634 suae

255 3596 461 3676 calamitatis
481 3599 681 3696 impliciter
693 3607 867 3707 adpellat,
891 3623 987 3712 quod
1007 3635 1200 3713 notandum
1217 3645 1402 3744 basiem&

257 3691 378 3787 hostes,
404 3696 515 3772 modo
530 3701 566 3774 in
580 3697 662 3798 sing.
682 3706 772 3782 vers.
786 3731 840 3804 3.,
864 3718 974 3807 modo
989 3723 1026 3799 in
1040 3729 1132 3820 plur.
1148 3737 1238 3816 vers.
1253 3765 1276 3837 9
1290 3746 1324 3823 ὰ
1338 3768 1398 3840 12,

254 3785 426 3869 iine'ullo
450 3796 521 3874 alio
547 3798 730 3891 epitheto,
761 3823 823 3882 aut
821 3826 1068 3982 &peccatorum
1100 3846 1161 3906 aut
1181 3848 1346 3930 operario

253 3891 463 3985 iniquitatis,
488 3910 549 3968 aut
568 3895 669 3972 simili
689 3900 759 3979 alio
777 3906 821 3981 ad
859 3927 909 3990 to.
958 3917 1055 3996 Petit
1075 3947 1219 4024 quoque
1240 3881 1402 4038 impii&

253 3999 336 4078 ter,
361 4000 403 4064 ut
422 3991 523 4070 Deus
542 3991 577 4066 se
600 3996 726 4092 eripiat
747 4021 873 4090 comui
886 4009 1123 4120 infestationi,
1149 4027 1266 4114 &eos
1280 4040 1407 4129 silente

1308 4141 1418 4244 plaga
