3984 5159
558 544 625 614 ιη
728 465 1543 610 co‘nnnn'rnnru‘s

560 739 643 795 cum
668 720 854 816 gratiarum
886 714 1026 792 atlione
1051 718 1286 810 recordabor,
1320 717 1547 813 proclamabo
1569 687 1728 814 'quoque'

558 817 698 910 publice
715 818 750 890 in
766 817 913 888 nomine
927 815 1093 908 Jehovae,
1118 817 1209 889 &ad
1225 819 1299 909 ejus
1313 817 1451 908 laudes,
1475 834 1516 893 ut
1530 834 1616 889 voca
1633 839 1714 891 mea

538 913 618 1007 ‘ipsi
642 911 731 985 satta
753 913 895 1006 publice
921 933 1043 988 coram
1067 929 1149 987 toto
1169 917 1303 1006 populo
1322 916 1476 1001 solvam3
1501 913 1647 1007 Jehovae
1662 917 1713 987 ui·

555 1013 621 1084 mis
645 1011 831 1104 pretiosam
856 1008 925 1081 elle
941 1011 1130 1106 &gravem
1148 1013 1287 1104 piorum
1303 1011 1445 1086 suorum
1460 1026 1615 1085 mortem
1634 1011 1714 1083 vio·

554 1107 711 1195 lentam,
738 1127 842 1199 quam
867 1123 909 1180 ut
929 1127 1007 1182 earn
1032 1109 1240 1200 permittere
1266 1105 1392 1202 poffit,
1424 1108 1525 1198 cujus
1547 1108 1585 1180 in
1600 1128 1657 1180 me
1675 1107 1712 1179 dt

556 1206 678 1280 multis
706 1203 780 1276 aliis
809 1204 989 1276 luculenta
1018 1225 1115 1277 nunc
1150 1203 1248 1277 dedit
1277 1202 1478 1297 specimina.
1543 1202 1713 1277 Declarat

561 1303 646 1396 1..st
669 1305 800 1373 calicem
818 1297 969 1395 salutum
979 1299 1189 1396 sannarum,
1216 1301 1260 1384 ὅ
1279 1324 1392 1374 nonan
1408 1297 1579 1396 Jelrooae,
1605 1305 1659 1372 uel
1677 1305 1715 1372 io

558 1422 613 1486 oo,
633 1403 933 1494 proclamaturum,
959 1399 1053 1492 quod
1070 1399 1163 1472 idem
1186 1397 1257 1483 est,
1281 1420 1322 1472 ac
1340 1398 1396 1484 se,
1415 1398 1525 1469 calice
1539 1417 1585 1468 eo
1602 1395 1712 1470 subla·

562 1510 630 1582 tu,
663 1497 734 1568 hoc
756 1494 940 1570 fastorum.
999 1495 1097 1566 Calix
1108 1493 1282 1664 (alutam,
1317 1495 1374 1566 vel
1398 1493 1484 1567 dicit
1506 1494 1714 1586 portionem

563 1589 711 1666 salutum
733 1590 792 1665 fibi
806 1591 1034 1687 adfignatam,
1060 1613 1106 1664 ve
1137 1591 1271 1687 lignum
1286 1591 1360 1682 ejus
1374 1591 1598 1676 memoriale,
1628 1611 1712 1662 cum

558 1689 739 1762 adlusrone
763 1688 806 1760 ad
829 1689 975 1761 calicem
996 1688 1070 1760 vini
1091 1685 1382 1774 eucharisticum,
1407 1690 1443 1760 in
1459 1687 1635 1760 conviviis
1649 1685 1714 1758 usr-

558 1799 672 1860 tatum
688 1785 725 1858 in
740 1787 947 1860 memoriam
965 1784 1182 1858 liberationis
1199 1800 1303 1880 grato
1318 1785 1436 1858 animo
1453 1798 1620 1876 accepte.
1652 1783 1711 1858 De

559 1905 631 1976 quo
646 1881 717 1955 vid.
733 1881 884 1972 Gejerus
900 1881 935 1954 bt
949 1880 1016 1953 alii.
1065 1881 1197 1953 Sumere
1211 1880 1269 1952 vel
1284 1885 1393 1953 tollere
1411 1881 1557 1955 calicem
1572 1878 1623 1952 est
1638 1902 1715 1956 non

562 1979 694 2065 solum,
721 1976 866 2050 salutem
892 1976 1089 2051 concessam
1110 1979 1170 2052 srbi
1192 1978 1385 2069 adplicata,
1423 1979 1458 2051 δι
1481 1999 1523 2048 ea
1540 1978 1616 2066 uti,
1654 1976 1715 2050 sed

561 2075 596 2148 da
630 2089 782 2146 externo
812 2073 908 2168 signo
943 2075 1140 2148 memoriali
1169 2076 1359 2148 celebrare.
1416 2074 1547 2162 Addit,
1587 2072 1631 2155 s?
1658 2097 1717 2146 no·

560 2193 633 2242 men
655 2167 816 2267 Jehovae,
838 2170 894 2242 vel
911 2175 945 2242 in
959 2195 1011 2259 eo,
1032 2175 1251 2267 proclamabo,
1277 2169 1354 2245 utfi
1379 2169 1518 2259 miscet,
1544 2171 1581 2243 in
1596 2170 1718 2246 laudes

561 2265 709 2360 Jehovae
733 2264 765 2338 se
790 2267 860 2340 hoc
876 2265 1072 2356 fastorum,
1098 2293 1211 2342 nomen
1223 2270 1297 2361 ejus
1315 2193 1456 2364 pudilice
1477 2268 1716 2358 celebrando,

562 2364 621 2436 vel
641 2365 677 2437 in
695 2363 839 2436 nomine
858 2366 932 2458 ejus
949 2364 984 2438 dt
1001 2366 1045 2438 ad
1058 2367 1135 2459 ejus
1149 2365 1295 2462 gloriam
1310 2365 1581 2457 proclamanda,
1607 2365 1642 2437 se
1658 2364 1718 2456 Je-

560 2459 666 2534 hovae
688 2455 874 2554 acceptum
894 2461 1019 2550 serre,
1042 2463 1140 2556 quod
1159 2463 1224 2534 bac
1245 2462 1353 2536 salute
1369 2462 1528 2548 fruatur,
1554 2459 1716 2555 &Jeho-

562 2559 642 2632 ¹vam
659 2557 727 2630 else
743 2557 883 2632 suorum
898 2558 1041 2651 piorum
1055 2559 1293 2648 servatorem
1319 2573 1360 2632 ut
1382 2582 1465 2634 mox
1479 2559 1623 2651 patebit
1727 2637 1731 2645 ,

612 2659 644 2742 §.
661 2652 773 2725 XXV,
824 2676 857 2725 a.
883 2654 1064 2728 interserit
1097 2656 1189 2748 quali
1216 2679 1280 2749 per
1309 2655 1559 2749 parenthesin,
1590 2655 1625 2730 se
1647 2655 1714 2729 hac

563 2749 774 2823 solennitate
797 2747 1044 2825 defuncturum
1066 2752 1134 2825 elle
1148 2753 1340 2828 secundum
1355 2769 1459 2843 vota,
1478 2769 1589 2826 antea
1603 2750 1715 2842 faita,

563 2863 658 2920 nunc
672 2845 813 2938 publice
831 2843 1020 2938 solvenda,
1035 2849 1123 2922 vers.
1143 2871 1195 2940 14.
1224 2848 1307 2922 Vota
1321 2874 1391 2922 mea
1405 2848 1554 2945 Jeiooae
1564 2849 1729 2938 faloam„

563 2965 668 3016 coram
690 2965 777 3014 nunc
801 2948 887 3015 omni
906 2948 1021 3038 populo
1038 2947 1117 3040 ejas.
1138 2946 1172 3020 h.
1195 2967 1227 3019 e.
1246 2948 1282 3020 in
1297 2948 1445 3039 publicis
1460 2947 1495 3019 oz
1513 2946 1716 3020 solennibus

561 3043 682 3136 populi
711 3038 779 3109 Dei
801 3041 1156 3141 congregationibus,
1182 3060 1224 3116 ut
1244 3043 1280 3118 in
1300 3040 1417 3132 sestis,
1441 3043 1562 3116 &aliis
1577 3065 1716 3117 convo·

562 3137 763 3212 canonibus
786 3140 919 3233 populi.
977 3137 1098 3214 Verba
1118 3161 1185 3224 eo,
1220 3163 1292 3232 quo
1307 3139 1398 3226 diri,
1418 3140 1573 3214 tendere
1593 3141 1715 3215 viden·

562 3251 644 3324 tur,
670 3249 710 3307 ut
730 3236 822 3326 quali
844 3258 909 3328 per
925 3237 1145 3330 parenthesin
1161 3235 1349 3330 significet,
1374 3236 1409 3311 se
1423 3239 1570 3312 calicem
1585 3236 1716 3315 sumtu·

563 3353 642 3410 rtun
662 3353 743 3405 cunr
762 3333 918 3418 nominis
943 3333 1010 3406 Dei
1026 3335 1307 3427 proclamatione
1327 3333 1518 3410 secundum
1534 3334 1621 3407 vota
1635 3336 1714 3423 l'ua,

512 3461 515 3466 ·
563 3442 644 3500 ante
662 3428 775 3514 falia,
789 3451 885 3503 nunc
901 3431 1098 3523 implenda,
1126 3453 1194 3504 nec
1209 3431 1246 3505 in
1260 3433 1390 3530 angulo
1407 3433 1442 3504 u
1454 3432 1563 3520 clam,
1579 3432 1636 3503 sad
1654 3455 1716 3528 pu·

408 3546 411 3556 ’
510 3527 512 3531 ’
564 3525 655 3598 blite
676 3527 710 3598 or
733 3525 945 3612 solenniter,
979 3527 1150 3620 praesente
1175 3529 1322 3620 populo.
1376 3528 1475 3601 Nihil
1490 3529 1547 3600 hic
1562 3527 1714 3604 difficile.

520 3657 523 3664 ·
563 3621 702 3694 Vocula
725 3650 759 3696 er
780 3627 838 3696 ve'l
858 3623 908 3696 est
931 3623 1133 3718 simpliciter
1155 3627 1353 3717 expletiva,
1385 3625 1424 3697 u·
1441 3626 1483 3699 ad
1506 3628 1717 3723 elegantiam

562 3719 731 3794 sermonis
747 3721 852 3804 facit,
878 3722 939 3792 vel
953 3723 1028 3794 vim
1046 3721 1152 3793 habet
1165 3723 1368 3806 adhortantis
1388 3722 1632 3810 &excitantir,
1660 3724 1718 3797 led

561 3818 595 3892 se
612 3815 745 3908 ipsuntt
771 3837 876 3888 coram
889 3840 976 3889 nunc
994 3816 1047 3889 est
1060 3839 1188 3905 coram,
1214 3840 1293 3913 age,
1320 3818 1379 3892 tori
1392 3825 1517 3917 populo.
1556 3822 1623 3896 Sed
1647 3847 1720 3896 nan

562 3936 637 3987 non
659 3907 812 3982 construi
835 3913 1043 3990 debetcum
1063 3919 1197 4011 populo,
1225 3937 1347 3990 verum
1370 3916 1464 4008 Deo,
1489 3940 1531 3993 ut
1552 3919 1594 3991 stt
1611 3943 1730 4009 coram¹

562 4013 647 4107 ipso,
674 4006 843 4100 praesente
861 4013 1110 4106 locopopuloz
1138 4015 1209 4091 vid.
1223 4012 1275 4091 Ps
1294 4035 1463 4097 cxxxvru:
1483 4039 1513 4094 r.
1565 4015 1719 4110 3.lnser·
