3984 5159
436 596 563 690 ¹¹4r
689 568 1508 690 commentantes

521 778 742 853 laudandum.
794 777 876 877 Quo
908 770 1070 870 respedlu
1091 770 1229 868 Jehova
1247 769 1376 845 dicitur
1392 770 1625 850 celebrandus
1639 776 1676 847 ia

522 875 638 971 insulis
656 880 778 964 maris,
802 876 869 969 jes.
890 894 988 946 xxiv:
1016 892 1070 961 15.
1111 869 1195 970 Quo
1219 868 1324 943 etiam
1345 870 1446 941 locus
1466 868 1597 963 Tseph.
1616 872 1675 943 111‘:

525 996 582 1065 ro,
604 996 658 1049 11.
680 977 860 1068 pertinet,
902 990 949 1043 ne
979 968 1054 1041 alia
1068 988 1276 1042 memorem.
1333 965 1416 1039 Hoc
1438 988 1579 1061 quoque
1600 967 1677 1062 ipso

522 1088 685 1165 tempore
710 1072 782 1141 duo
804 1069 862 1140 illa
887 1066 1121 1161 providentia
1142 1064 1332 1159 specimina
1354 1060 1426 1137 sese
1452 1066 1551 1138 omni
1566 1064 1624 1139 sua
1641 1065 1678 1137 vi

521 1168 757 1243 exseruerunt
778 1164 814 1237 in
837 1163 1046 1238 Maccabeis
1067 1160 1317 1249 &Chafidaeis,
1342 1181 1386 1234 ex
1399 1158 1554 1236 vilissima
1568 1162 1603 1236 ἀ
1618 1160 1676 1236 ad·

523 1262 702 1339 flidlilsrma
726 1261 930 1335 conditione
951 1261 994 1335 ad
1018 1258 1185 1336 summam
1207 1259 1354 1357 gloriam
1372 1259 1539 1349 elevatis,
1564 1260 1680 1355 &po-

524 1361 613 1456 pulo
635 1358 735 1451 sn'pra
755 1356 872 1431 Patres
890 1358 1139 1452 multiplicato.
1188 1358 1279 1457 Qua
1294 1356 1365 1450 ipsa
1382 1356 1627 1449 foecunditas,
1642 1358 1679 1433 (t

524 1456 794 1553 multiplicatio,
815 1456 909 1529 inter
923 1456 1062 1529 criteria
1079 1468 1281 1549 temporum
1295 1454 1603 1530 Maccabaicorum
1624 1476 1680 1526 re·

527 1552 616 1624 ferri
639 1552 729 1628 solet
758 1553 794 1626 in
816 1556 930 1627 verbo
953 1552 1178 1646 Prophetico.
1231 1551 1289 1623 De
1311 1574 1385 1644 quo
1407 1570 1502 1625 mox.
1553 1551 1679 1627 Robur

528 1651 682 1742 denique
705 1650 787 1723 huic
806 1648 990 1744 hypothesi
1011 1650 1106 1723 addit
1127 1650 1347 1743 comparatio
1369 1648 1470 1741 hujus
1484 1646 1571 1722 odes
1595 1672 1679 1726 cum

529 1748 812 1841 precedentibus
835 1746 868 1820 &
890 1746 1146 1842 sequentibus,
1185 1746 1343 1836 ejusdem
1365 1745 1471 1819 etiam
1495 1747 1678 1840 temporis.

528 1841 725 1933 Ceterum,
743 1842 829 1919 sicut
852 1846 1056 1936 precedens
1078 1844 1257 1916 canticum
1282 1844 1318 1916 in
1340 1843 1446 1915 initiis
1461 1840 1680 1920 instauratio·

524 1941 577 2016 nis
600 1939 797 2035 perJudam
812 1940 990 2029 Maccab,
1007 1942 1056 2013 ita
1071 1940 1139 2013 hoc
1152 1936 1311 2013 noslrnm
1327 1960 1409 2013 cum
1422 1940 1492 2031 jam
1510 1942 1615 2033 plena
1628 1964 1681 2018 es·
1820 1980 1824 1983 ·

527 2038 581 2113 set
606 2060 725 2113 rerum
747 2034 951 2111 instauratio
973 2052 1137 2130 tempore
1154 2035 1331 2128 Simonis,
1355 2036 1591 2132 compostum
1605 2036 1681 2130 est,

527 2134 687 2227 adeoque
703 2133 918 2229 precedenti
933 2131 1027 2205 reete
1041 2132 1273 2230 subjungitur.

578 2234 610 2320 §.
635 2229 681 2304 V.
709 2231 829 2325 Scopas
850 2228 901 2303 Ps.
927 2232 965 2304 in
978 2250 1111 2327 genere
1129 2228 1180 2303 est
1199 2230 1352 2304 laudatio
1366 2230 1437 2305 Dei
1450 2234 1494 2306 ab
1507 2234 1682 2311 excellen-

530 2328 582 2401 tia
610 2327 685 2418 ejus
705 2324 806 2421 supra
828 2328 965 2415 omnia,
991 2348 1087 2402 nunc
1110 2326 1309 2403 luculenter
1326 2328 1586 2420 demonstrata,
1612 2355 1683 2409 nec

530 2444 605 2501 non
627 2446 649 2496 a
670 2423 895 2521 singularibus
922 2422 1161 2499 Providentiae
1182 2422 1253 2497 Dei
1274 2423 1541 2517 speciminibus,
1566 2429 1604 2503 in
1624 2430 1682 2504 ad·

452 2546 455 2551 ·
531 2518 630 2595 flrslis
654 2521 856 2608 elevandis,
882 2520 915 2594 da
937 2520 1114 2596 sterilibus
1134 2522 1395 2597 benedicendis.
1444 2520 1553 2623 Quod
1567 2548 1612 2602 ex
1630 2526 1685 2606 Ps.

521 2617 759 2713 'inscriptione
771 2615 983 2715 Hallelujab,
994 2618 1028 2691 a
1041 2634 1271 2717 argumento,
1286 2616 1390 2693 facile
1408 2623 1586 2700 elucescit.
1611 2628 1682 2703 S'ed

529 2713 569 2790 ln
584 2716 699 2811 specie
716 2714 752 2789 id
768 2716 911 2789 videtur
926 2731 1035 2807 poeta
1048 2716 1232 2790 intendisse
1242 2713 1420 2812 ,ntseroir
1434 2720 1502 2791 Dei
1510 2720 1681 2818 farinula,

531 2812 724 2886 secundum
767 2833 846 2885 uam
861 2810 943 2883 Deo
958 2810 1027 2885 sint
1039 2813 1108 2887 hoc
1122 2831 1285 2908 tempore
1299 2815 1419 2890 landes
1433 2820 1618 2911 canenda,
1642 2824 1682 2899 irr

530 2906 693 2983 manibus
715 2833 811 2981 ell'et.
868 2904 977 3005 Quod
1001 2929 1045 2981 ex
1060 2930 1158 2984 nexu
1171 2911 1260 2985 vers.
1279 2932 1309 2985 1.
1329 2913 1600 3009 &sequentium
1614 2923 1683 2995 cla·

530 3006 602 3079 rius
637 3001 802 3094 'arescet,
827 3000 1021 3081 srverbum
1037 3006 1177 3080 direntes
1192 3008 1413 3103 suppleatur;
1438 3014 1503 3087 hac
1528 3018 1679 3096 ratione,

530 3098 586 3175 La
631 3116 683 3176 ate
698 3100 797 3197 servi
817 3096 956 3197 Jelooe
972 3152 984 3191 ,
1001 3105 1153 3177 'laudate
1181 3130 1291 3179 nemen
1314 3104 1471 3205 Jelova,
1505 3109 1683 3194 dicentes:

522 3192 572 3294 fil
592 3222 704 3273 nemea
720 3194 858 3295 Jelraoa
872 3198 1063 3273 lenedillam
1078 3200 1143 3276 dac.
1169 3201 1224 3278 Sic
1239 3204 1289 3277 Ps.
1306 3226 1386 3278 exa.
1438 3204 1601 3283 Celebrate
1620 3208 1684 3311 Je·
1724 3267 1728 3279 ‚

532 3301 668 3381 donam,
694 3300 770 3391 quia
788 3298 906 3369 bonus:
932 3296 1021 3369 dicat
1034 3299 1142 3395 quaese
1156 3297 1260 3374 Israel
1274 3303 1320 3379 da.
1675 3340 1679 3345 ·

532 3394 538 3431 ³
581 3398 614 3483 §.
628 3390 692 3465 VI.
718 3388 840 3466 Partes
855 3391 928 3485 Ps.,
952 3409 992 3468 ut
1014 3397 1086 3489 ejus
1100 3396 1250 3495 analpfin
1265 3401 1420 3497 ondam,
1443 3404 1521 3481 duae
1560 3428 1681 3487 enera-

509 3496 512 3502 '
533 3489 586 3561 les
608 3488 697 3563 sunt.
747 3488 774 3564 1.
802 3488 1014 3567 Exhortatio
1035 3494 1216 3573 servorum
1241 3498 1310 3570 Dei
1326 3503 1368 3575 ad
1384 3526 1515 3579 nomen
1531 3428 1680 3598 lehovae

533 3584 804 3679 celebrandum,
819 3587 921 3677 ,vers
940 3612 971 3665 1.
1005 3587 1048 3668 ll.
1065 3591 1220 3667 Formosa
1236 3596 1460 3676 laudationis:
1486 3604 1584 3694 cujus
1598 3594 1681 3681 duae

529 3679 611 3785 sunt
626 3698 752 3777 partes.
809 3702 838 3762 s,
865 3682 965 3761 Prior
991 3690 1238 3786 compleslitur
1256 3710 1385 3772 vonam
1400 3719 1467 3791 pro
1479 3699 1680 3779 laudatione

520 3776 651 3877 semper
678 3780 711 3854 dr
734 3786 844 3879 ulique
866 3785 1059 3878 facienda,
1098 3789 1188 3863 vers.
1209 3813 1244 3879 e,
1268 3814 1302 3886 3.
1358 3820 1387 3870 ι.
1414 3792 1576 3890 Posterior
1604 3798 1680 3893 ejus

530 3885 702 3953 materiam
734 3877 1044 3979 &argumentum
1074 3886 1257 3977 continet,
1293 3889 1449 3987 respedlu
1473 3888 1681 3971 excellentiae

531 3971 622 4090 Dei,
656 3974 911 4090 Providentiae,
936 3984 970 4057 dt
989 3982 1141 4057 duorum
1162 3980 1382 4081 singularium
1395 3988 1625 4084 speciminum
1644 3994 1682 4067 iri

529 4076 649 4147 uilium
665 4076 886 4167 elevatione,
912 4100 952 4153 ac
964 4076 1125 4170 sterilium
1134 4078 1407 4175 faerandaaiene,
1432 4088 1523 4164 vers.
1541 4110 1630 4181 4-9.

540 4190 542 4195 ·
577 4197 580 4203 ’
617 4198 645 4209 ”
1036 4197 1056 4229 ¹·
1096 4199 1141 4228 ‘·
1362 4182 1676 4271 ANACRISlS.
