3984 5159
277 486 286 499 ’
358 562 364 571 ,
514 536 618 630 ssi
686 511 1541 629 „unumunurm-nnnus

547 733 611 804 re,
635 712 766 787 amoris
785 706 838 785 sui
857 728 878 779 e
959 704 1078 802 legem
1091 702 1185 791 Dei,
1211 702 1355 795 eiusque
1367 700 1598 777 observantie
1612 702 1701 783 sem

539 832 615 906 per
638 806 820 904 praestitae,
852 821 868 879 t
922 802 1112 877 'catione
1168 796 1247 873 Tres
1268 800 1385 893 itaque
1399 800 1474 891 ejus
1483 814 1607 892 partes
1619 797 1702 877 sunt

544 930 615 1001 pro
630 904 780 1002 triplicis
792 900 932 997 generis
945 896 1201 989 assationibus,
1227 916 1308 988 qius
1323 894 1448 970 ordine
1463 892 1699 989 representat.

547 999 700 1077 Primam
720 996 879 1094 respeiiu
898 995 1081 1073 sententie
1100 993 1272 1086 judicialis
1294 992 1332 1067 in
1356 990 1597 1085 persecutores
1620 994 1700 1069 suos

544 1120 567 1173 a
588 1100 671 1172 Deo
696 1100 793 1184 latas,
825 1095 964 1173 &mox
985 1090 1189 1169 executioni
1212 1088 1437 1178 mandendae,
1458 1088 1510 1163 in
1533 1088 1698 1167 submisso

544 1193 737 1291 pavore&
758 1193 907 1266 horrore
928 1190 1037 1265 animi
1058 1188 1174 1277 fitam,
1200 1187 1253 1261 his
1274 1188 1409 1275 verbis,
1443 1200 1483 1261 ut
1503 1202 1616 1280 puto,
1640 1208 1699 1265 ex.

544 1292 675 1386 plicat,
702 1286 791 1363 vers.
811 1292 888 1362 161.
913 1286 1087 1381 Principes
1101 1288 1269 1381 migratis
1279 1280 1439 1377 persecuti
1442 1282 1549 1377 sunt,
1574 1282 1618 1367 ff
1631 1300 1700 1381 pro

546 1390 643 1460 uerbo
658 1401 714 1459 tus
724 1400 847 1482 pavore
861 1385 986 1459 horrido
1001 1397 1180 1477 correptum
1197 1376 1241 1471 esi
1256 1402 1309 1451 cor
1325 1402 1441 1455 ascum.
1456 1379 1491 1454 h.
1509 1401 1541 1454 e.
1564 1381 1700 1458 Horret

472 1490 475 1493 ’
544 1484 699 1572 animus,
725 1504 794 1557 nec
815 1482 887 1557 sine
915 1500 1051 1575 pavore
1073 1478 1143 1553 sese
1165 1476 1356 1563 submittit,
1382 1476 1467 1553 dum
1488 1476 1700 1557 sententiam

543 1594 647 1671 tuam
661 1578 988 1657 condemnatoriam
1014 1577 1051 1651 in
1074 1576 1169 1651 viros
1193 1573 1361 1668 dignitate
1379 1572 1418 1649 ‘dc
1438 1577 1600 1666 potentia
1615 1572 1697 1651 emi·

544 1696 693 1769 nentes,
720 1678 778 1769 qui
802 1699 860 1761 me
883 1673 1096 1763 srnecausa,
1122 1670 1254 1767 quippe
1277 1670 1528 1762 innocentem,
1562 1671 1697 1749 summa

542 1776 688 1868 injuria,
715 1788 841 1849 contre
860 1792 940 1847 mea
961 1772 1107 1857 merita,
1130 1766 1301 1843 acerrime
1314 1764 1395 1841 sunt
1407 1766 1602 1861 persecuti,
1625 1770 1699 1862 iam

541 1873 835 1967 pronuntiatam,
862 1867 895 1940 ἃ
915 1888 997 1941 uros
1017 1862 1295 1961 exsequendam,
1319 1864 1363 1937 ad
1378 1866 1534 1939 animum
1548 1886 1697 1943 revoco.

544 1970 670 2044 Sermo
693 1963 942 2057 est-ellipticus
966 1963 1002 2035 in
1023 1964 1143 2056 priore
1165 1963 1345 2049 membro,
1380 1960 1635 2059 esposieriore
1649 1962 1698 2039 fa-

543 2066 614 2141 cile
637 2062 874 2153 supplendus,
900 2078 983 2131 cum
1005 2058 1096 2146 hoc,
1123 2055 1216 2131 reste
1239 2052 1479 2148 intellesium‚
1504 2082 1571 2157 pro
1585 2060 1697 2157 hypo·

527 2158 635 2236 thesi
657 2157 811 2244 habeat,
852 2153 1093 2254 persecutores
1116 2150 1184 2227 esse
1210 2154 1309 2252 gravi
1330 2174 1448 2249 poena
1467 2154 1695 2237 adficiendus.

544 2254 637 2339 Cum
654 2252 750 2329 enim
768 2274 851 2332 mox
865 2250 1066 2349 subjungat,
1093 2249 1128 2325 se
1140 2266 1207 2347 pre
1225 2254 1320 2325 uerbo
1334 2250 1403 2327 Dei
1417 2267 1541 2347 pauore
1555 2254 1625 2349 effe
1638 2257 1697 2331 ad·

543 2352 699 2451 fesium,
726 2352 820 2429 baud
839 2350 989 2426 obscure
1016 2348 1168 2440 indicat,
1208 2347 1416 2427 sententiam
1443 2351 1697 2430 condemnato·

541 2453 650 2538 nam,
674 2448 812 2537 causam
837 2450 966 2544 quippe
984 2451 1144 2535 honoris,
1170 2447 1207 2520 in
1220 2446 1395 2538 principes
1411 2446 1517 2521 hosce
1535 2448 1695 2543 persecu·

543 2567 640 2627 tores
655 2547 723 2621 csse
741 2550 859 2623 lutum.
887 2547 1034 2640 Sermo,
1059 2544 1217 2639 suppleta
1235 2540 1365 2634 ellipfi,
1382 2544 1467 2631 buc,
1495 2548 1552 2619 vel
1567 2545 1689 2639 fimiii,

541 2650 682 2724 ratione
702 2645 847 2719 flueret-s
872 2649 1033 2739 principes
1053 2666 1101 2715 me
1127 2645 1234 2737 gratis
1244 2637 1404 2735 parsecuti
1417 2638 1514 2731 suat,
1537 2664 1575 2717 ac
1590 2645 1689 2717 terri·

545 2746 618 2832 bile
631 2758 731 2814 tuum
750 2740 921 2829 iudicium
942 2740 1195 2830 experientur,
1219 2738 1318 2829 cujus
1335 2735 1434 2813 cause
1448 2736 1614 2815 tremiscit
1625 2760 1690 2815 eor

544 2856 678 2915 meum.
734 2832 872 2910 Verium
891 2832 1012 2927 itaque
1035 2831 1105 2907 Dei
1119 2847 1141 2921 ,'
1155 2834 1250 2927 quod
1271 2834 1332 2927 ipfi
1350 2848 1504 2928 paemen
1518 2828 1703 2930 trepidun'

545 2930 703 3019 incussit,
729 2931 822 3005 aliud
835 2929 905 3004 esic
925 2931 1071 3024 nequit,
1095 2950 1135 3003 ac
1150 2953 1221 3024 quo
1235 2930 1411 3023 principes
1428 2930 1694 3026 persecutores,

544 3032 656 3109 modo
680 3030 899 3123 memorati,
914 3026 1138 3115 ferirentur,
1169 3027 1204 3099 dr
1233 3026 1460 3119 condemnati
1480 3052 1596 3121 poena
1619 3044 1696 3129 gru*

546 3128 677 3206 viffima
702 3124 951 3211 adficerentur.
1009 3122 1127 3224 Quem
1150 3122 1249 3221 usum
1266 3112 1469 3216 judicialem
1490 3129 1695 3209 verbum&

544 3250 679 3304 nomen
702 3251 757 3299 ur
777 3220 870 3295 haud
888 3218 1136 3314 infrequenter
1159 3220 1286 3310 habet,
1325 3220 1396 3293 sive
1420 3221 1462 3295 sit
1485 3238 1696 3307 controver-⁸

544 3323 627 3415 stam
645 3319 860 3418 iudiciariam
881 3318 1031 3414 agitare,
1059 3317 1092 3389 dc
1113 3317 1213 3393 litem
1235 3316 1431 3409 deducere,
1461 3318 1535 3393 five
1554 3324 1693 3399 senten·

546 3424 630 3496 tiam
651 3415 979 3505 condemnatoriam
1003 3414 1256 3510 pronunciare,
1290 3430 1330 3489 ut
1350 3412 1422 3505 Jer.
1446 3436 1470 3491 r:
1492 3419 1546 3491 16.
1572 3438 1634 3499 nu:
1658 3428 1694 3514 9.'

544 3516 611 3593 ΕΖ.
631 3539 751 3593 xxxva:
770 3538 804 3606 s.
831 3517 871 3589 &⁴
884 3513 978 3589 alibi.
1027 3513 1085 3587 De
1104 3532 1175 3606 quo
1197 3508 1285 3605 saepe
1304 3513 1371 3681 egi.
1420 3509 1633 3607 Utriusque,
1658 3519 1695 3595 dr

545 3615 767 3710 litigationis,
792 3613 828 3687 δι
847 3610 1174 3706 condemnationis,
1213 3608 1304 3681 ratio
1353 3608 1385 3681 ic
1405 3604 1499 3682 retie
1522 3610 1695 3702 babetur,

547 3710 685 3786 curn&
710 3711 811 3803 supra
836 3706 925 3781 vers.
951 3726 1030 3795 154
1062 3705 1234 3798 petierat,
1259 3718 1299 3777 ut
1316 3703 1414 3779 Deus
1426 3702 1525 3798 suam
1549 3712 1640 3799 sitem
1655 3716 1695 3783 ii.

441 3872 445 3885 .
547 3814 681 3903 tigaret.
732 3804 923 3892 Ceterum,
960 3822 1044 3875 cum
1067 3800 1142 3889 ejus
1162 3797 1260 3873 caui'a
1279 3799 1314 3872 se
1335 3822 1469 3895 pavore
1491 3801 1524 3875 ds
1545 3804 1697 3881 horrore

544 3906 616 3983 esse
637 3900 813 3978 adfetium
832 3900 1004 3984 declarat,
1029 3896 1097 3971 litis
1119 3894 1351 3971 &sententie
1363 3896 1434 3972 Dei
1447 3896 1693 3988 severitatem,

543 4006 690 4100 ejusque
711 3997 879 4081 terribilia
896 3994 1047 4109 effeita,
1071 3992 1172 4075 timul
1186 3993 1498 4082 commiserationis
1511 3996 1579 4093 suae
1594 3998 1691 4077 adse,

1675 4144 1691 4187 ,
1732 4160 1737 4167 .
