3984 5159
118 1181 119 1184 ¹
239 1198 308 1281 tius
334 1188 511 1282 charailer
538 1212 680 1286 quaeren

118 1341 120 1392 l
133 1379 135 1384 .

117 1432 120 1490 Ι

117 1535 120 1590 l

117 1635 121 1706 r

117 1735 120 1786 l

116 1833 120 1908 l

116 2011 119 2106 l

115 2133 119 2204 l

115 2211 117 2282 l

415 619 507 694 „2
546 600 651 716 pn
680 601 815 710 ⁸,arn
851 601 915 682 -rn
974 579 1211 685 cuturn
1328 624 1402 712 nr·

243 803 358 898 palis,
387 803 483 896 ueri
512 821 576 891 ro,
602 823 657 893 14·
674 802 816 898 partina
841 799 1080 880 infestatione.
1102 801 1305 901 impiorum·
1320 803 1397 882 live

161 991 165 998 ,
240 905 494 994 extraneorum
516 891 585 972 five
606 900 827 994 popularium
848 893 937 974 vers.
958 897 992 974 6.
1018 897 1171 997 denique
1192 897 1319 997 partim
1335 897 1398 980 fin·

264 992 368 1082 oleris
386 997 630 1093 prerogativae
650 997 774 1090 populi
795 1019 866 1091 pre
886 990 1235 1094 omnibus'gentibuc
1255 995 1293 1074 iu
1307 997 1341 1070 le
1366 997 1394 1073 in

239 1019 275 1176 gi
297 1095 481 1193 religionis
508 1092 679 1168 exercitio
683 1089 925 1264 dpilgivrrtione,
951 1095 1040 1168 vers.
1066 1115 1079 1165 1
1111 1145 1123 1178 ,
1144 1117 1202 1166 20.
1249 1116 1284 1192 3.
1344 1119 1393 1167 er·

236 1307 311 1382 quo
331 1285 440 1379 Jndaei
461 1287 496 1359 dc
516 1285 826 1379 Hierosolymitani
855 1306 952 1360 nunc
972 1284 1181 1364 fruebantur
1202 1308 1266 1381 per
1282 1283 1392 1388 lingu-

237 1383 349 1476 larem
373 1383 543 1476 potentie
564 1384 598 1456 dr
619 1384 787 1459 bonitatis
808 1377 877 1452 Dei
898 1377 1237 1479 demonstrationem
1244 1435 1256 1475 ,
1279 1383 1389 1462 &ex-

239 1480 537 1557 derideremur
563 1477 606 1552 ad
638 1477 720 1552 Deo
753 1475 872 1550 laudes
902 1471 1120 1552 accinendae.
1175 1480 1265 1579 Quae
1279 1473 1392 1558 felici.

237 1591 290 1660 tac
315 1577 440 1665 innoc
463 1573 513 1648 Pl.
537 1571 742 1648 describitur
771 1569 928 1664 respedln
955 1573 1252 1668 multiplicationis
1279 1601 1391 1689 popu

146 1671 148 1675 ’
236 1673 264 1774 li
279 1723 303 1762 ,ἢ
333 1669 588 1748 recollediionis
617 1667 884 1764 dispersorum,
921 1665 1169 1744 consolationis
1199 1666 1236 1745 de
1261 1673 1389 1748 laentlae

237 1769 403 1858 redditae,
427 1769 670 1862 &impiorum
696 1761 941 1860 repreffionis,
965 1761 1054 1844 vers.
1077 1767 1190 1841 246.
1220 1785 1391 1860 praeterea

235 1866 398 1943 interrae
420 1867 578 1952 cultura,
603 1863 860 1950 infertilitate,
892 1858 1141 1954 frudluumque
1162 1860 1236 1954 ejus
1259 1867 1389 1959 copia,

236 1965 327 2046 veri
351 1967 386 2050 ll,
407 1985 442 2056 9.
468 1961 625 2054 deniqne
649 1953 903 2050 Hierosolymo
922 1955 1022 2032 firma
1042 1955 1268 2049 munitione,
1300 1981 1389 2055 pace

237 2057 273 2130 dr
296 2057 550 2151 prosperitate,
576 2058 667 2129 uerl.
686 2076 750 2149 -13,
779 2077 834 2146 ιφ
859 2051 1039 2146 postremo
1062 2055 1165 2130 verbi
1185 2053 1256 2130 Dei
1278 2056 1388 2133 &re-

237 2143 377 2252 ligion‘u
398 2151 558 2228 restituto
578 2153 772 2240 exercitio,
798 2147 887 2226 vers.
915 2171 973 2246 19,
997 2173 1056 2226 20.

288 2255 320 2340 §.
346 2249 408 2325 lll.
438 2247 527 2349 Quae
548 2247 571 2320 sr
591 2249 838 2338 advertantur,
864 2247 991 2341 sponte
1014 2247 1074 2324 sua
1094 2246 1166 2322 sese
1184 2247 1391 2326 adtendenti
1512 2279 1518 2285 ·

115 2371 116 2374 ¹
238 2343 372 2440 offeret
392 2361 531 2439 tempus
560 2345 824 2420 Maccabaieum
850 2342 910 2420 sub
931 2345 1076 2420 Simone
1097 2345 1133 2418 dc
1152 2343 1234 2440 Joh.
1256 2347 1391 2442 Hyrca·
1465 2351 1469 2356 ’

239 2464 312 2536 no,
340 2442 542 2520 ethnarchie
564 2438 794 2535 Judaeorum:
820 2442 877 2516 cui
894 2440 964 2516 hoc
982 2443 1161 2517 canticum
1184 2443 1289 2518 unice
1307 2466 1393 2520 con·

221 2540 362 2624 uenit,
388 2553 429 2614 ut
453 2539 585 2614 nemini
612 2555 685 2612 non
712 2536 747 2610 in
773 2537 896 2612 oculos
921 2535 1081 2614 incurrit.
1143 2535 1300 2635 Vulgata,
1318 2541 1393 2633 qui.

237 2633 318 2710 dem
346 2633 397 2708 est
418 2633 639 2730 hypothels,
662 2629 715 2709 Ps.
735 2633 778 2707 ad
797 2634 942 2706 reduces
962 2635 1007 2708 ab
1029 2634 1134 2708 exilio
1153 2633 1392 2728 Babylonico,
1541 2690 1550 2698 -

236 2729 300 2807 sub
321 2729 426 2825 Jolua
448 2731 488 2806 dr
502 2729 769 2817 zerubbanele,
791 2730 999 2822 pertinere,
1024 2733 1075 2804 uti
1089 2730 1152 2805 Gr.
1175 2731 1209 2805 dt
1231 2728 1309 2825 Syr.
1335 2733 1392 2807 ha·

236 2827 301 2901 bet
322 2827 523 2921 inscriptio,
546 2827 722 2920 precipue
743 2825 779 2899 in
800 2847 847 2899 eo
869 2825 1037 2916 fundata,
1062 2840 1103 2902 ut
1122 2828 1271 2920 opinor,
1295 2829 1392 2922 quod

237 2919 461 3018 edificationis
492 2920 723 3019 Hierosolyma
749 2919 809 2996 fiat
838 2921 997 3013 mentio,
1029 2921 1120 2996 vers.-
1145 2943 1180 2998 n.
1204 2923 1240 2997 dt
1263 2923 1391 3002 confir·

236 3021 401 3096 metionis
420 3034 589 3115 portarum
608 3019 684 3112 ejus
698 3017 786 3092 vers.
805 3041 860 3112 13.
895 3017 963 3094 Sed
973 3014 1131 3115 posterius
1153 3020 1239 3095 illud
1261 3019 1390 3096 ‘cestius

114 3169 119 3178 .
239 3113 482 3212 inNehenriae
504 3131 645 3210 tempus
670 3109 838 3211 quadrat,
864 3136 990 3193 verum
1011 3116 1166 3212 tempori
1192 3117 1391 3192 Maccabei-

239 3232 286 3310 cp
309 3213 413 3291 etiarn
435 3211 626 3300 convenit,
656 3228 697 3288 nt
717 3227 863 3288 notum:
918 3217 988 3286 rius
1012 3234 1125 3302 vcro,
1152 3211 1237 3288 licet
1258 3236 1279 3286 a
1302 3230 1390 3290 tem-

115 3301 122 3308 ’
196 3313 199 3320 “
238 3330 328 3404 pore
349 3309 578 3396 Maccabaico
604 3329 743 3404 quoque
771 3331 845 3385 non
871 3227 1085 3398 agnomen,
1115 3328 1197 3384 cum
1226 3309 1393 3386 Hieroso·

237 3395 333 3500 lnnu
357 3405 418 3501 iub
441 3403 624 3482 Antiocho
637 3404 822 3500 Epiplune
842 3405 942 3478 varie
956 3403 1067 3480 fuerit
1082 3401 1255 3493 desolau,
1277 3406 1394 3484 &do-

239 3523 319 3589 mus
345 3499 525 3578 destructa
552 3503 647 3591 lint3
678 3499 769 3576 naale
796 3499 951 3576 refertur
972 3501 1018 3574 ad
1039 3497 1267 3578 aedificiorum
1291 3501 1396 3579 adin

153 3595 155 3600 ’
240 3595 447 3700 cntionem,
482 3621 563 3674 cum
585 3599 716 3674 civium
736 3596 1066 3694 multiplicationem
1092 3598 1269 3693 praecipue
1297 3606 1396 3678 com'·

239 3693 464 3792 prehendat,
492 3717 570 3788 quae
589 3689 812 3787 edificatiom‘s
834 3695 980 3770 nomine
1006 3710 1091 3769 nota
1113 3691 1183 3769 est:
1208 3711 1249 3772 ut
1268 3695 1331 3773 suo
1345 3694 1396 3770 lo

241 3811 289 3865 eo
311 3794 462 3888 parebit.
509 3793 601 3868 Sunt
623 3812 713 3865 vero
736 3791 899 3882 criteria,
924 3811 1003 3886 quae
1023 3793 1062 3867 in
1078 3785 1205 3866 statum
1227 3792 1397 3870 reducum

242 3907 318 3988 pon
348 3889 598 3979 conveniuntt
630 3887 705 3978 uti,
738 3910 783 3964 ne
810 3887 854 3962 de
885 3889 1005 3986 populi
1034 3888 1326 3982 multiplicatione
1350 3887 1399 3964 di.

241 4003 348 4081 tam,
387 3983 466 4060 sunt
492 3987 614 4084 pacis,
643 3983 878 4073 securitatis,
907 3983 1097 4082 impiorum
1125 3983 1398 4082 destrustipnis,

242 4077 502 4178 prosperitatis,
528 4085 562 4161 ἀ
583 4085 743 4162 omnium
764 4086 941 4166 bonorum
957 4079 1197 4166 abundando:
1223 4082 1293 4253 fulg
1309 4083 1405 4156 enlm

831 4217 833 4222 ·
1228 4199 1268 4252 le
1295 4195 1403 4256 licum

759 1185 1407 1288 .estinstatuf·i&pacar0,.
1555 1238 1559 1244 ·
