3984 5159
130 1265 138 1318 i

197 559 201 568 ’
325 670 328 676 ,
450 618 524 673 ru
594 589 1268 716 esaumcxtvnr.
1355 631 1426 713 79,

217 814 1490 1012 ]ἈΝΑο1Ηε·Ιε.’

309 1097 342 1184 §.
367 1089 430 1166 VI.
469 1093 681 1188 Interpretes
703 1089 819 1188 paffim
832 1075 899 1166 ¹vel
920 1094 956 1168 in
975 1115 1107 1190 genere
1127 1098 1255 1172 volunt
1278 1111 1412 1172 creatu-

130 1195 138 1220 *
255 1209 314 1262 ras
341 1190 486 1262 excitari
511 1193 560 1264 'ad
587 1191 706 1266 Deum
729 1207 956 1276 creatorem,
988 1189 1163 1268 restorem
1185 1194 1334 1284 mundi,
1372 1215 1414 1268 ac

129 1371 136 1380 q·
256 1284 525 1362 benefactorem
546 1288 673 1382 populi
697 1285 747 1358 sui
773 1287 1052 1375 celebrandurn,
1086 1291 1144 1362 vel
1168 1292 1205 1365 in
1229 1290 1344 1384 specie
1369 1291 1414 1364 ad

129 1381 135 1479 ᾗ
254 1380 415 1457 Messiam
437 1404 557 1479 regem
578 1386 767 1456 exaltatum
792 1381 902 1477 dignis
924 1381 1082 1458 laudibus
1109 1387 1356 1481 excipiendum
1378 1388 1413 1460 ἀ

127 1498 134 1598 ζ
244 1477 495 1570 'laudandum
522 1473 679 1572 adeoque
706 1477 749 1549 ad
771 1498 900 1551 novam
922 1474 1185 1556 Oeconomium
1207 1483 1337 1557 directe
1360 1505 1413 1558 re·
1543 1500 1544 1504 ’

127 1601 133 1620 ·
244 1575 398 1650 ¹ferunt.
457 1577 589 1653 Sedet
612 1573 730 1660 nostra
752 1572 938 1666 hypothesi
960 1570 1011 1647 Ps.
1036 1575 1167 1743 lgeiiat
1187 1578 1232 1650 ad
1252 1595 1413 1673 tempora

126 1669 133 1752 ἔ
242 1673 503 1761 Maccabaica,
534 1674 657 1766 quibus
682 1673 779 1746 Deus
798 1667 868 1744 sese
894 1689 1019 1744 verum

126 1769 130 1814 ἒ
256 1769 462 1844 duculenter
483 1767 810 1857 demonstraverat,
835 1767 869 1838 dt
893 1765 1065 1860 populum
1092 1765 1190 1844 suurn
1209 1771 1410 1863 extulerat,

125 1867 127 1910 r
257 1887 384 1939 verum
418 1867 631 1940 considerata
662 1861 757 1938 simul
789 1880 954 1959 tanquam
982 1865 1021 1937 in
1054 1861 1184 1938 Meffiae
1213 1870 1411 1941 oeconomia

124 1969 126 2004 ³
252 1960 549 2050 consummanda,
575 1963 710 2036 &cum
730 1982 772 2034 ea
793 1979 972 2048 connexa,
998 1977 1162 2054 tanquam
1186 1959 1317 2055 scopo,
1342 1979 1412 2038 ter·

1097 1669 1270 1747 summum
1292 1673 1412 1752 Deum

251 2059 358 2132 anino
381 2060 700 2152 &complemento
722 2056 796 2130 suo.
850 2055 923 2154 Qui
947 2079 1051 2130 verus
1072 2055 1144 2145 est,
1169 2057 1410 2135 &notiffimut

253 2152 421 2227 Ecclefiae
443 2155 675 2230 Maccabaicae
697 2152 915 2248 conspectus.
967 2151 1057 2227 Cum
1073 2151 1263 2244 beneficia,
1289 2156 1326 2231 in
1346 2179 1409 2251 po.
1542 2171 1549 2184 ·

233 2253 379 2343 -pulum
399 2251 470 2324 Dei
489 2253 638 2338 collata,
664 2251 721 2322 hic
737 2251 840 2324 unice
862 2249 962 2339 fere,
988 2247 1047 2322 seu
1067 2251 1266 2344 praecipue,
1290 2251 1411 2347 prose.

254 2354 376 2420 r'antur
405 2363 568 2440 tanquam
598 2349 741 2423 materia
765 2347 799 2418 dt
825 2347 916 2418 ratio
938 2345 1169 2436 laudationis,
1205 2369 1226 2420 a
1254 2364 1332 2424 tota
1355 2369 1411 2424 re.

255 2463 336 2517 rum
358 2462 484 2538 ,natura
513 2442 667 2518 terrestri
696 2442 887 2533 facienda,
913 2439 1017 2516 facile
1042 2457 1162 2536 patet,
1187 2443 1224 2517 in
1252 2448 1409 2542 generali

250 2560 461 2635 argumento
485 2563 559 2616 non
578 2539 650 2613 effe
674 2535 944 2613 subsistendum:
971 2535 1052 2628 sed,
1077 2544 1332 2635 cumpopulus
1359 2543 1406 2618 Ia·

251 2638 353 2712 caelis
380 2638 536 2731 expreffe
566 2653 810 2725 memoretur,
843 2635 972 2728 &ejus
996 2635 1253 2712 remaneatur
1279 2641 1406 2716 exalta·
1561 2635 1571 2653 ⁸

229 2751 351 2821 tum,
375 2735 553 2809 canticum
579 2749 747 2825 preterea
766 2733 849 2804 huic
866 2731 1002 2824 populo
1023 2729 1066 2806 fit
1087 2733 1251 2809 traditum
1261 2739 1280 2823 ς’
1298 2737 1343 2810 ab
1358 2759 1405 2811 eo

251 2829 429 2902 discedere
451 2830 503 2904 fas
531 2851 605 2904 non
631 2827 711 2914 est,
744 2849 812 2901 nee
837 2829 950 2922 ratio:
984 2829 1095 2904 modo
1115 2850 1243 2907 verum
1263 2846 1403 2926 tempo-

243 2929 298 3000 ris
319 2923 412 3000 istius
435 2923 673 3018 conticitum,
700 2927 809 3014 modo
833 2941 1096 3014 memoratum,
1132 2948 1175 2999 ex
1195 2929 1306 3004 oculis
1327 2951 1405 3006 non

250 3023 485 3098 dimittamus:
516 3025 646 3114 absque
668 3043 739 3116 quo
762 3021 866 3115 effet,
899 3021 1064 3124 excitatio
1085 3025 1244 3099 omnium
1266 3043 1404 3100 creatu·

248 3141 367 3194 rarum
389 3119 432 3192 ad
457 3119 575 3193 Deum
597 3136 785 3212 propterea
816 3117 1027 3194 laudandum
1057 3121 1205 3195 multum
1235 3120 1279 3194 de
1308 3123 1346 3193 vi
1367 3122 1402 3195 dt

248 3214 402 3309 emphasi
423 3215 480 3290 sua
500 3215 681 3309 perderet:
707 3229 755 3290 ut·
769 3237 814 3289 ex
838 3213 1026 3310 conspetu
1048 3217 1273 3314 argumenti,
1297 3221 1401 3328 iuprt

184 3341 188 3346 ·
248 3313 435 3410 expolito,
459 3312 562 3388 facile
586 3310 743 3407 patescit.

317 3505 1325 3686 externario,

294 3803 326 3890 §.
345 3797 441 3898 W·
489 3799 528 3874 In
553 3806 661 3898 priore
687 3815 787 3893 parte
825 3827 857 3874 κ.
889 3799 1093 3874 exhortatio
1121 3797 1277 3874 occurrit
1309 3801 1400 3881 vert

127 3944 132 3956 ·
253 3919 362 3986 1-4.
408 3923 436 3971 ι.
462 3900 555 3971 ratio
584 3917 733 3972 movens
760 3897 793 3968 dt
822 3898 977 3994 obligans
1004 3893 1096 3969 vers.
1121 3917 1159 3987 5,
1181 3900 1216 3971 ό.
1270 3923 1302 3971 κ.
1327 3897 1400 3971 Ex.

120 4067 122 4072 ,
217 4039 223 4048 -
248 3997 389 4066 duratio
406 3995 566 4091 dirigitur
598 4023 632 4066 a.
658 3992 700 4066 ad
721 3993 891 4069 coelorum
916 3994 1048 4068 incolas
1067 3992 1101 4066 dt
1123 4005 1294 4068 contenta
1310 3993 1399 4070 vers.

205 4169 208 4178 ,
240 4109 374 4188 1-3.
412 4097 451 4184 β.
476 4095 572 4170 cotim
592 4089 683 4188 ipsos
707 4087 794 4163 vers.
818 4111 851 4180 4.
891 4123 925 4168 e.
950 4090 1164 4180 Adhortatio
1185 4092 1227 4163 ad
1248 4086 1406 4164 caelestes

746 4187 906 4264 Hhhhh
1213 4198 1405 4262 creaturas
