3984 5159
536 494 656 596 ,uod
769 482 1575 575 COMMENTARIUS

588 705 628 760 re
650 707 705 764 res
727 688 850 784 populi
870 696 1068 782 coeperunt
1089 689 1128 762 in
1148 685 1272 763 melius
1285 683 1441 773 mutari,
1467 680 1527 756 seu
1540 672 1752 770 Hierosoly·

579 805 648 860 ,rua
669 809 690 859 a
707 783 797 878 luda
819 786 1023 861 Maccabaeo
1043 801 1187 878 recepta
1209 786 1244 857 dt
1267 795 1456 879 repurgata
1476 777 1549 862 est,
1574 775 1683 849 lactis
1698 778 1752 849 ln·
1873 814 1874 819 Ν

591 879 771 957 stauratis:
797 883 855 955 cui
882 881 1007 958 cunila
1027 883 1165 980 egregie
1186 898 1411 977 congruunt3
1436 877 1608 968 quodque
1621 878 1752 948 contir-

594 995 710 1056 matut
734 1001 779 1053 cx
808 977 876 1072 Jes.
901 1001 1000 1054 xxiv:
1036 1003 1092 1070 14,
1120 1001 1173 1069 ¹5·
1199 979 1259 1052 ubi
1281 975 1386 1050 simile
1402 973 1482 1047 fere
1498 973 1688 1046 canticum
1708 969 1750 1043 ab

582 1079 636 1153 iis
653 1099 698 1152 eo
712 1091 872 1170 ternpore
887 1075 1085 1150 canendum
1102 1077 1170 1150 else
1188 1075 1454 1170 pronunciatur.

641 1177 673 1264 §.
691 1169 753 1247 lv.
783 1173 902 1266 Scopas
921 1171 995 1262 est,
1020 1191 1064 1248 ut
1084 1173 1187 1247 facile
1207 1172 1369 1266 adparet,
1400 1168 1542 1264 populo
1568 1169 1651 1262 eius
1664 1182 1754 1245 tem·

592 1273 710 1366 poris,
735 1267 829 1361 quod
858 1265 1032 1359 definivi,
1059 1269 1248 1345 formulam
1273 1270 1310 1342 in
1336 1287 1456 1341 manus
1487 1266 1600 1355 dare,
1630 1267 1756 1341 seom-

591 1367 679 1440 dtrm
697 1385 801 1458 quam
818 1363 900 1439 Deo
915 1387 981 1460 pro
1003 1369 1156 1462 acceptis
1179 1362 1360 1442 beneficiis
1381 1365 1508 1461 gratias
1520 1379 1703 1460 agerent,
1719 1365 1754 1439 dt

592 1467 689 1558 spem
711 1481 751 1534 ac
766 1460 1063 1556 exspellationem
1087 1465 1265 1539 ulterioris
1290 1461 1539 1557 subiugationis
1564 1460 1752 1552 hostium,

586 1561 630 1644 g&
650 1557 828 1634 felicitatis
852 1561 973 1654 populi
993 1559 1277 1636 consummanda
1293 1580 1358 1653 per
1378 1559 1630 1646 lllaccabaeos,
1658 1557 1753 1633 testi·

593 1655 809 1741 licarentur,
832 1655 983 1750 denique
1004 1678 1066 1731 eos
1088 1657 1124 1733 in
1138 1679 1181 1731 ea
1194 1657 1254 1754 spe
1269 1678 1332 1750 per
1345 1658 1415 1728 hoc
1427 1655 1637 1746 canticum,
1665 1655 1755 1728 divi·

594 1757 690 1829 nitus
711 1754 852 1845 datum,
883 1753 1113 1842 confirmare3
1138 1777 1186 1829 ne
1210 1753 1332 1829 animis
1345 1753 1383 1827 in
1397 1751 1582 1845 posterum
1598 1751 1756 1846 despon-

594 1851 721 1940 deant;
735 1848 806 1924 ·sed
828 1865 867 1924 ut
890 1851 927 1926 in
953 1872 1064 1945 opere
1086 1851 1248 1946 suscepto
1269 1849 1410 1922 strenue
1432 1850 1697 1943 promovendo
1719 1851 1754 1925 dt

593 1949 773 2044 patienter
789 1947 997 2044 pergerent,
1023 1947 1067 2020 de
1082 1947 1187 2021 felice
1204 1943 1358 2021 successu
1374 1945 1498 2020 securi.

645 2047 677 2134 §.
696 2041 741 2116 V.
768 2043 876 2140 Quod
904 2043 946 2116 ad
972 2046 1101 2121 cantici
1121 2042 1322 2137 structuram
1352 2041 1511 2129 adtinet,
1550 2045 1752 2120 noandum

563 2187 565 2194 ι
595 2137 668 2226 est,
693 2137 850 2228 incipere
880 2160 962 2214 cum
991 2141 1157 2235 adloquio
1182 2143 1225 2216 ad
1252 2140 1446 2235 populum,
1469 2137 1607 2214 &dein
1623 2140 1751 2215 sermo·

594 2257 677 2310 nem
692 2231 893 2308 constanter
916 2231 993 2309 fieri
1014 2240 1059 2312 de
1081 2240 1217 2333 populo
1238 2238 1370 2312 Israelis
1398 2237 1436 2308 in
1456 2237 1564 2309 tertia
1588 2237 1749 2330 perium.

595 2329 703 2422 Cujus
719 2333 921 2408 mutationis
937 2333 1095 2427 personae
1108 2337 1226 2428 aptior
1241 2334 1364 2427 nequit
1378 2332 1477 2405 reddi
1491 2333 1610 2420 ratio,
1622 2357 1748 2428 quam,

596 2429 691 2521 quod
716 2425 807 2501 vers.
830 2451 869 2504 a.
902 2431 1064 2508 carminis
1084 2435 1171 2507 novi
1193 2443 1442 2531 argumentum
1463 2430 1641 2523 apopulo
1655 2432 1748 2504 adhi-

595 2526 751 2602 bendum
785 2527 968 2617 tradatur3
1007 2531 1057 2603 ita
1076 2542 1117 2604 ut
1140 2529 1230 2604 vers.
1259 2551 1290 2603 t.
1325 2525 1477 2621 populus
1505 2527 1684 2601 excitetur
1702 2526 1747 2602 ad

595 2644 732 2700 novum
757 2624 933 2700 canticum
957 2626 1179 2715 canendum3
1210 2627 1292 2702 dein
1312 2622 1424 2716 ipsum
1446 2621 1535 2696 illud
1549 2623 1743 2712 canticum,

596 2741 668 2812 quo
695 2735 876 2810 uteretur,
915 2719 1091 2816 sequatur.
1142 2723 1257 2818 Stylar
1276 2721 1327 2796 est
1346 2722 1468 2813 planus
1490 2719 1526 2792 dc
1541 2719 1672 2806 facilis,
1694 2722 1745 2794 ni-

595 2818 713 2908 hilque
742 2816 848 2889 lrabet
877 2816 1059 2913 smgulare.
1118 2817 1238 2892 Partes
1262 2817 1313 2894 Pl.
1338 2818 1522 2914 generales
1541 2816 1621 2889 duae
1644 2815 1744 2905 sunt,

595 2927 636 2988 ut
655 2933 699 2985 ex
723 2909 819 2985 dictis
840 2910 966 3004 sponte
988 2915 1047 2990 sua
1069 2916 1139 2991 sele
1164 2915 1292 2992 offert:
1319 2932 1466 3009 quarum
1478 2918 1572 3010 prior
1589 2913 1744 2987 adhorta·

595 3010 734 3085 tionem
766 3009 929 3084 continet
956 3011 1001 3084 ad
1027 3035 1165 3089 novum
1184 3015 1363 3089 canticum
1384 3010 1469 3085 Deo
1488 3015 1689 3086 cauendum
1709 3012 1745 3085 in

594 3125 704 3182 coetu
734 3106 893 3200 piorum,
927 3107 1015 3184 vers.
1049 3131 1080 3187 r.
1111 3109 1267 3206 posterior
1300 3129 1390 3183 vero
1411 3105 1524 3201 ipsum
1549 3110 1743 3196 canticum,

595 3202 656 3276 seu
678 3205 751 3295 ejus
773 3224 1043 3300 argumentum,
1072 3207 1163 3283 vers.
1187 3229 1270 3300 2··9.
1304 3204 1401 3301 quod
1424 3202 1520 3278 redte
1541 3206 1580 3286 in
1606 3205 1742 3278 duasdi-

594 3299 729 3376 viditur
761 3303 947 3397 pericopas
972 3328 1041 3400 pro
1068 3303 1269 3380 diverfitate
1297 3301 1555 3398 personarum,
1602 3321 1739 3397 quarum

595 3395 806 3492 prolperitas
831 3398 1064 3494 del'cribitur3
1119 3409 1185 3476 rint
1206 3398 1373 3499 pericopa
1397 3397 1441 3472 ad
1463 3413 1579 3473 totum
1606 3397 1739 3493 respicit

593 3494 788 3588 populum,
814 3495 905 3572 vers.
930 3521 1013 3591 2--4.
1039 3418 1193 3597 possnior
1213 3500 1256 3574 ad
1276 3495 1491 3586 Chalidaeos,
1517 3497 1736 3590 tanquamju,
1873 3522 1874 3545 ,

595 3589 768 3670 diciorum
792 3589 861 3668 Dei
879 3613 1113 3691 executores,
1138 3597 1229 3674 vers.
1244 3617 1330 3693 5··9.

1510 4052 1730 4144 articul
