3984 5159
408 524 509 653 oi·
554 575 584 654 Ρ
630 534 737 656 bd
784 564 817 654 L
864 539 917 655 M
953 574 957 582 '
990 538 1138 659 CXIX:
1164 534 1301 675 7'9-dn.
1364 550 1435 679 top

282 768 404 857 clarat,
439 765 531 842 vers.
553 788 612 861 79.
645 764 876 840 Revertantur
894 764 1006 854 nihl,
1023 768 1085 838 vel
1108 769 1151 840 nd
1169 790 1246 856 nne,
1282 768 1433 845 timenter

280 870 353 953 tnt‘,
385 863 428 950 ὃ
448 863 667 961 cognoscentes
682 862 903 954 intentantes
923 878 998 935 tuas
1023 860 1130 956 (mihi
1143 864 1214 937 sese
1228 862 1428 949 adsocient,

269 962 316 1034 ’ἀ
338 963 462 1037 intima
481 962 718 1036 familiaritate
738 961 953 1056 adjungant,
993 972 1170 1052 quotquot
1197 975 1233 1032 te
1263 978 1429 1031 reveren·

270 1070 361 1146 tut,
386 1059 421 1131 dc
442 1059 537 1154 leges
562 1074 638 1131 tuas
663 1055 886 1152 cognoscunt
903 1054 1166 1151 &agnoscunt,
1191 1056 1319 1150 quippe
1337 1076 1427 1147 quos

277 1155 431 1227 maxime
448 1156 578 1252 diligo,
604 1172 817 1247 mecumque
829 1150 922 1226 artie
936 1148 1118 1225 devintios
1133 1151 1234 1225 volo.
1252 1149 1359 1227 Conf.
1373 1149 1425 1225 Ps.

275 1270 392 1325 xxxvi
414 1252 452 1323 dt
470 1272 518 1326 cr.
532 1272 572 1323 ac
590 1252 640 1325 ibi
660 1248 782 1347 ditia.)
829 1248 1016 1340 Denique,
1044 1252 1077 1321 t.
1091 1262 1132 1321 ut
1146 1260 1317 1323 votorum
1330 1266 1426 1320 com·

274 1368 343 1440 pos
357 1344 436 1434 liat,
460 1347 635 1443 subiungit
655 1368 781 1441 precea
795 1367 863 1439 pro
877 1345 1075 1420 linceritatc
1090 1345 1207 1418 cordis
1221 1344 1260 1417 iu
1274 1362 1425 1436 praecep·

275 1458 398 1516 totum
415 1440 485 1515 Dei
500 1443 740 1530 observantia,
751 1442 841 1517 vers.
859 1446 915 1519 80.
947 1441 1001 1513 Sit
1019 1462 1071 1512 eor
1086 1465 1190 1515 rnenrn
1205 1446 1370 1535 integrum
1388 1447 1424 1513 in

267 1536 408 1631 statutis
432 1546 523 1631 tuit,
547 1555 586 1613 ut
606 1566 645 1615 ne
664 1536 834 1636 pudefiem.
859 1540 917 1635 (in
930 1537 1067 1613 statutis
1083 1539 1150 1610 tuis
1164 1536 1423 1613 meditandis&
1459 1536 1464 1543 ’

274 1633 443 1709 faciendis
469 1640 546 1711 inte
571 1659 609 1709 re
632 1638 666 1710 a
690 1635 823 1709 sincere
848 1634 1008 1711 desidero
1029 1632 1064 1706 δι
1086 1648 1175 1727 opto
1200 1632 1353 1721 versari,
1381 1646 1422 1707 ut

273 1730 479 1807 felicitatem
495 1661 723 1826 exspectatam
742 1732 955 1828 consequar,
971 1730 1005 1803 dc
1021 1751 1066 1804 ne
1080 1729 1157 1825 spes
1171 1751 1250 1805 mea
1263 1751 1321 1805 me
1338 1750 1420 1823 pto·

273 1828 393 1905 ssituta
406 1829 638 1928 confundat.)

318 1926 456 2016 §.XLL
501 1926 680 2001 Undecima
703 1930 895 2025 pericopa,
921 1927 1012 2003 vers.
1037 1930 1189 2015 8t-·88.,
1223 1922 1330 2001 modo
1347 1943 1420 1999 me·

268 2042 415 2099 moratae
429 2022 568 2099 fiduciae
583 2027 618 2099 ἀ
631 2025 883 2119 exspectationi
894 2042 974 2123 apte
990 2022 1210 2116 subjunctum
1225 2021 1417 2095 vehemens

269 2122 305 2195 δι
326 2122 588 2196 intolerandum
609 2120 798 2215 defidert‘nm
812 2122 977 2217 perfetta
990 2121 1206 2195 libelationis
1222 2140 1263 2191 ac
1277 2115 1419 2209 prospe·

269 2216 402 2303 nitatis,
427 2218 489 2289 diu
507 2220 640 2306 dilatae,
673 2217 731 2292 sed
753 2221 962 2314 propediem
983 2216 1231 2304 conferenda,
1256 2234 1417 2306 compre·

271 2308 424 2403 hendit,
464 2336 639 2389 unacum
666 2316 725 2409 pia
754 2315 1032 2409 expostulatione
1056 2312 1158 2404 super
1182 2312 1415 2384 diuturnitate

213 2410 219 2419 ‘
270 2406 376 2483 slatus
396 2410 541 2501 adflicti,
565 2409 870 2506 &supplicatione
885 2408 1136 2485 consolationis
1152 2428 1193 2480 ac
1207 2403 1416 2479 vivificatio·

267 2506 347 2593 nis,
388 2508 462 2580 cito
490 2505 697 2601 praestandae.
753 2508 843 2607 Quae
864 2510 982 2600 itaque
1005 2505 1050 2581 ad
1067 2505 1159 2579 idem
1183 2518 1345 2595 tempus,
1380 2500 1415 2574 dc

266 2600 392 2678 statum
413 2604 580 2705 Davidis,
607 2608 789 2698 pertinet,
812 2605 856 2678 ad
877 2606 972 2697 quod
991 2603 1194 2696 praecedens
1220 2599 1413 2691 pericopa,

265 2700 368 2791 eique
382 2700 475 2773 reete
489 2700 724 2792 subnetiitur3
737 2723 838 2790 cum,
859 2699 1094 2775 adflitiionem
1110 2698 1173 2772 diu
1188 2694 1342 2783 durelie,
1352 2693 1413 2767 secl

264 2796 308 2871 ad
329 2797 642 2895 terminumsuum
666 2798 779 2872 videri
800 2796 1018 2893 pervenisse,
1051 2796 1100 2870 ita
1113 2809 1153 2869 ut
1169 2813 1290 2889 rogare
1312 2789 1414 2886 pollit
1497 2842 1500 2851 ›

265 2893 388 2987 qnando
409 2892 633 2981 consolaberis,
655 2897 819 2990 juditium
838 2896 1022 2969 exercetis?
1048 2892 1161 2968 finon
1175 2912 1273 2975 nunc
1286 2890 1412 2987 qnando

262 2988 379 3063 tunel
409 2990 552 3066 indicet.
601 2989 747 3067 Constat
767 3015 931 3088 quoque,
950 2992 1004 3065 uti
1024 2988 1203 3085 superior,
1229 3010 1273 3063 ex
1286 2990 1411 3059 dnelnt

258 3086 438 3181 partibus,
468 3085 613 3181 defiderii
635 3088 817 3165 enixiffimi
833 3090 1072 3185 explicatione
1094 3108 1177 3162 cum
1200 3082 1336 3177 aliquali
1352 3102 1409 3155 ex·

255 3181 494 3275 postulatione
527 3183 632 3279 super
652 3187 711 3259 diu
739 3187 844 3260 dilata
870 3186 1100 3273 liberatione,
1134 3184 1168 3257 δι
1195 3202 1238 3255 ex
1257 3180 1408 3276 metibus

254 3300 325 3389 pro
344 3280 556 3357 liberatione
579 3282 654 3357 cito
676 3281 847 3358 facienda.
908 3281 1040 3357 Priorir
1055 3282 1164 3376 partis
1180 3280 1241 3351 duo
1257 3274 1337 3349 sunt
1355 3294 1409 3346 ar·

144 3450 150 3457 ,
252 3376 376 3466 ticuli,
405 3400 561 3471 quorum
578 3382 668 3471 prior
686 3381 948 3455 vehementiam
971 3377 1150 3465 deliderii,
1182 3372 1333 3465 indeque
1348 3390 1407 3443 or·

250 3485 329 3547 tam
351 3472 693 3566 expostulationem,
715 3477 896 3564 continet,
917 3472 1074 3570 posterior
1090 3494 1168 3550 eam
1181 3469 1327 3544 ulterius
1347 3488 1405 3543 ut·

249 3582 316 3665 get
339 3590 384 3643 ex
403 3567 494 3645 statu
509 3569 667 3659 eduino,
694 3574 777 3648 vitae
799 3573 930 3647 miserae
944 3571 1196 3655 diuturnitate,
1231 3564 1266 3639 δι
1288 3563 1405 3657 perse·

246 3680 421 3741 tutorum
441 3684 552 3742 reatu.
602 3659 704 3743 Prior
725 3673 775 3744 ita
794 3668 902 3742 habet
917 3667 1008 3741 vers.
1029 3670 1086 3755 81,
1104 3669 1159 3741 82.
1182 3656 1330 3753 Deficit,
1346 3661 1406 3758 se.

247 3766 355 3840 luten
366 3776 458 3837 tuam
470 3762 671 3856 defldtraus,
696 3773 808 3841 enine
822 3790 913 3856 men,
931 3767 1083 3853 onium,
1100 3760 1160 3835 seu
1178 3757 1404 3852 promissum,

248 3874 349 3932 tuurn
380 3862 487 3934 lentus
513 3859 658 3957 exspesso.
721 3861 894 3956 Deficiunt
922 3865 1008 3935 oculi
1030 3863 1092 3933 rnet'
1110 3862 1153 3930 od
1175 3856 1313 3943 ttunn,
1342 3855 1404 3933 seu

247 3954 478 4050 promillum,
504 3972 596 4031 tunrn
609 3957 856 4052 respicientes,
881 3960 1031 4046 dicendo,
1056 3956 1179 4053 qnando
1199 3951 1404 4048 consolaberis
1491 4046 1494 4053 Ι

158 4036 176 4171 J
249 4056 331 4127 me?
355 4051 536 4149 Significat
562 4075 595 4129 1.
601 4047 850 4151 salutamina
841 4053 1057 4225 ngrfeeam
1074 4046 1338 4139 liberationem,
1366 4048 1405 4214 1pr
