3984 5159
633 536 703 636 με
807 513 1640 600 communicatus

629 715 727 811 juvit
751 736 813 788 me.
852 709 988 784 vicine
1013 729 1088 782 non
1115 719 1253 780 tantum
1268 703 1406 780 Gentes
1427 705 1651 798 undiquaque
1671 704 1709 778 in
1731 719 1795 779 nte

632 811 794 904 inpetum
817 811 1011 894 fecerunt;¹
1040 805 1098 876 sed
1120 805 1155 877 dt
1177 822 1236 889 tu,
1263 800 1287 874 b
1311 804 1446 877 homo!
1481 805 1541 898 qui
1565 803 1651 876 mihi
1675 801 1794 874 adelle

633 909 783 982 debebas
799 957 810 993 ‚
836 908 869 978 u
884 919 1011 978 contra
1026 900 1143 974 hostes
1156 901 1304 995 gentiles
1317 901 1466 991 iuvare,
1491 900 1715 974 omnimodo
1730 919 1794 974 me

631 1007 674 1078 ad
695 1003 892 1078 cadendum
914 997 1101 1091 impulisti,
1133 998 1237 1070 itaut
1257 998 1294 1070 in
1315 995 1390 1070 solo
1415 997 1553 1090 lehova
1573 997 1686 1070 omnis
1711 1017 1794 1070 mea

629 1101 706 1196 spes
730 1101 842 1174 fuerit
855 1098 936 1183 litat
962 1097 1022 1190 qui
1045 1116 1102 1170 me
1117 1093 1224 1168 etiam
1239 1108 1312 1168 tant
1325 1110 1493 1187 potenter
1508 1092 1736 1180 sustentavit,
1753 1079 1790 1172 dt

630 1201 741 1274 tuitus
756 1195 806 1268 est
820 1247 831 1276 ,
847 1211 890 1268 ut
906 1217 978 1268 non
998 1191 1262 1276 litccubueritn,
1277 1191 1361 1282 quin
1374 1191 1530 1266 animose
1550 1193 1589 1264 in
1604 1189 1721 1264 hostes
1737 1191 1792 1265 in-

630 1295 865 1378 surrexerirn,
887 1293 919 1364 &
944 1313 1006 1363 eos
1028 1291 1066 1362 in
1090 1288 1173 1378 ejus·
1190 1291 1337 1362 nomine
1353 1288 1585 1364 conciderim.
1608 1317 1612 1325 ·
1636 1287 1795 1362 Videtur

629 1392 717 1467 mihi
730 1393 768 1465 in
783 1389 893 1464 oculis
911 1385 1064 1461 babuiffe
1086 1387 1259 1480 primores
1276 1388 1419 1478 populi,
1434 1383 1648 1481 pontifices,
1661 1387 1792 1479 impro-

631 1490 718 1577 bos,
744 1489 803 1580 qui
826 1487 939 1560 omnis
960 1483 1188 1570 calamitatis,
1213 1482 1249 1554 dt
1270 1481 1405 1557 hostilis
1430 1485 1591 1580 gentium
1611 1483 1623 1554 i
1686 1499 1769 1580 etus
1774 1531 1794 1572 ,

629 1585 779 1659 fuerunt
800 1585 856 1660 vel
878 1599 1045 1672 autores,
1065 1581 1125 1652 vel
1138 1580 1337 1670 adiutores,
1363 1581 1482 1673 quales
1495 1581 1644 1654 fuerunt
1690 1578 1792 1668 aba,

628 1680 831 1770 Menelaus,
862 1684 896 1756 u
918 1683 955 1754 in
980 1680 1111 1772 primus
1133 1676 1312 1748 Alcimus:
1344 1692 1387 1752 ut
1409 1699 1452 1750 ex
1474 1676 1617 1750 historia
1640 1675 1794 1752 constat.

628 1777 730 1878 Quos
739 1781 934 1874 ,improbos
958 1800 1004 1849 ex
1024 1777 1099 1868 ipio
1121 1773 1256 1866 populo
1278 1774 1314 1846 in
1339 1775 1455 1848 oculis
1473 1773 1597 1847 habuit
1612 1771 1701 1865 Jes.‚
1726 1771 1793 1846 ubi

627 1897 660 1950 c.
675 1899 790 1952 xxvn:
809 1902 842 1968 4.
870 1879 987 1947 ileum
1010 1872 1206 1944 introducit
1220 1871 1446 1962 loquentem:
1470 1877 1543 1967 quis
1559 1873 1638 1943 mibi
1656 1872 1790 1966 objiciat

469 2041 471 2046 .
619 1971 746 2069 statem
770 1974 812 2058 [ἒ
835 1987 964 2066 veprem
980 1975 1016 2040 in
1032 1971 1137 2040 bello?
1162 1969 1299 2062 gradiar
1320 1965 1478 2059 hostiliter
1494 1984 1551 2063 per
1571 1990 1660 2055 eam,
1683 1973 1790 2040 incru-

627 2071 791 2142 dameam
812 2074 951 2182 puriter.
1002 2063 1075 2174 Qui
1090 2064 1155 2174 'ipsa
1172 2070 1272 2174 'impii
1284 2061 1429 2153 foederis
1451 2066 1671 2176 adpellantur
1695 2063 1791 2140 Dan.

627 2183 687 2332 Ele
700 2187 762 2334 ᾖ
783 2166 824 2336 fu
845 2157 1287 2354 {genialnlrggongolgittieoga
1309 2159 1792 2352 ἕεῖἓςῖδηῖῗόιῗῃέεηξὲἵιῑι

627 2360 792 2446 amnibus,
826 2359 935 2434 modo
958 2356 1191 2442 memoratis,
1215 2351 1378 2449 distingui
1403 2355 1600 2428 videantur.
1637 2358 1667 2428 b.
1690 2354 1789 2448 quod

627 2455 743 2530 sermo
774 2457 817 2529 ad
845 2479 913 2531 eos
930 2453 1069 2542 versus,
1104 2452 1164 2546 qui
1187 2451 1231 2523 de
1257 2451 1498 2548 indignatione
1519 2452 1553 2523 u
1571 2453 1788 2527 admiratione

622 2648 742 2747 polisti
763 2676 835 2738 me;
857 2650 953 2724 idem
973 2644 1044 2735 est,
1069 2645 1135 2719 aest
1159 2647 1370 2732 haberetur,
1397 2641 1441 2728 ὅ
1464 2660 1521 2732 tu,
1547 2668 1572 2718 o
1593 2645 1721 2720 homo!
1747 2661 1789 2720 te

629 2744 790 2817 hostibus
816 2741 1020 2836 adjunxisti,
1053 2765 1162 2834 quem
1184 2743 1270 2815 nibil
1292 2743 1407 2816 minus
1426 2741 1590 2816 decebat.
1637 2739 1788 2819 Cetero-
1834 2755 1838 2760 ’

632 2837 732 2933 quin¹
747 2839 838 2914 ratio
860 2839 958 2912 reddi
978 2839 1106 2932 nequit
1135 2837 1292 2933 personae
1321 2855 1396 2913 tam
1425 2835 1540 2912 subito
1566 2855 1718 2914 mutate.
1751 2864 1789 2914 c.

631 2937 729 3028 quod
749 2941 853 3010 tacite
878 2935 1087 3010 insinuatum
1112 2937 1218 3023 velit,
1243 2935 1275 3007 dt
1297 2956 1359 3010 eos
1380 2934 1493 3030 ipsos,
1518 2934 1636 3027 quise
1659 2937 1790 3028 juvare

628 3033 836 3122 debebant,
865 3055 988 3120 manus
1012 3025 1194 3125 praebuille
1216 3029 1401 3122 hostibus,
1430 3031 1576 3124 seseque.
1594 3033 1637 3105 ad
1658 3035 1802 3115 cadessm

628 3134 714 3208 dum
735 3129 885 3206 trustffe:
911 3130 1007 3202 adeo
1024 3143 1065 3201 ut
1087 3147 1216 3221 praetet
1239 3128 1363 3202 Deum
1383 3129 1499 3202 nullus
1522 3128 1583 3223 fibi
1603 3128 1790 3222 superius..

626 3223 674 3310 'rit
700 3233 839 3319 adiutor
868 3227 1104 3322 &petronus
1163 3223 1361 3314 Ceterum,
1394 3227 1456 3297 ubi
1482 3225 1597 3314 dicit,
1630 3229 1792 3302 tradendo

628 3330 754 3426 trufifli
774 3351 822 3400 me
843 3325 1098 3409 airammum,
1123 3343 1190 3408 eos
1207 3321 1293 3394 nihil
1313 3343 1388 3394 non
1408 3323 1508 3395 otnni
1523 3325 1704 3397 conatu&
1721 3326 1785 3400 int.

628 3445 718 3526 petu
737 3423 865 3523 egisse,
890 3437 929 3496 ut
949 3422 1014 3494 vel·
1030 3417 1182 3494 hostiurn
1202 3419 1338 3495 labadon
1361 3415 1624 3506 succumberet,
1649 3443 1691 3492 ac
1707 3423 1783 3497 reli

629 3525 725 3624 gioni
746 3525 870 3618 patriae·
886 3518 1133 3604 renunciaret,
1160 3517 1223 3590 vel
1244 3538 1265 3588 e
1286 3515 1405 3588 medio
1425 3517 1636 3603 tolleretur,
1661 3515 1783 3616 ligniit

630 3637 703 3698 tat.
785 3643 834 3690 uae
857 3619 958 3691 latius
980 3637 1062 3690 non
1084 3613 1224 3687 neceilc
1244 3609 1299 3684 est
1315 3613 1472 3703 exiequi,
1526 3703 1529 3708 Ι

679 3723 709 3808 §.
794 3713 888 3787 Vlll.
923 3747 957 3810 y.
973 3707 1192 3786 Beneficium
1206 3710 1423 3783 liberationis
1437 3710 1657 3803 propoiitum
1673 3713 1707 3785 dt
1722 3738 1782 3788 ex·

629 3816 790 3914 plicatius
813 3811 983 3885 traditum
1000 3804 1190 3900 amplificat
1210 3806 1244 3876 dc
1264 3821 1450 3902 exaggerat
1470 3830 1493 3879 a
1511 3807 1652 3895 letitia,
1684 3812 1785 3888 laetn.

630 3937 702 4009 que
723 3908 883 3994 cantico,
908 3905 970 3979 fibi
990 3907 1024 3978 &
1045 3903 1187 3997 reliquis
1209 3901 1327 3993 justis,
1352 3926 1417 3996 per
1438 3921 1551 3977 totam
1573 3920 1703 3980 terram
1717 3908 1782 3983 Ca-

627 4033 786 4092 mnaeam
806 3999 957 4104 pacifice.
976 4022 1074 4080 nunc
1097 3999 1333 4100 degentibus,
1362 3999 1554 4110 concello,
1572 4024 1644 4096 quo
1667 4010 1787 4181 exgaenl3

511 2592 517 2601 ·
628 2555 711 2648 quid
736 2553 866 2642 trahit,
899 2554 936 2625 in
958 2571 1021 2624 eos
1041 2549 1167 2623 reiiius
1190 2547 1348 2641 qmdret.
1404 2547 1478 2622 Ubi
1502 2548 1598 2624 enim
1619 2547 1705 2624 dicit
1725 2555 1787 2624 im-
1935 2571 1937 2602 ²
