3984 5159
167 1224 168 1227 =
296 1162 421 1246 causa,
451 1154 526 1226 e'us
541 1140 577 1214 vi
596 1148 744 1228 operum

380 576 382 580 ·
463 516 537 636 sn
609 518 975 624 12‚satu.
1048 495 1296 604 exinea.
1404 468 1554 603 so'*

283 768 483 856 adsedibus
505 772 580 831 non
601 735 817 845 abripiuntur
832 721 866 795 dr
880 726 1163 808 corrumpantur.
1212 695 1448 795 Exoperibus

292 864 491 953 charitatis,
517 869 593 945 quae
615 831 795 935 prestitit,
822 820 865 894 de
889 819 986 890 bono
1009 812 1043 883 dr
1065 804 1229 880 laudabili
1247 802 1322 893 ejus
1338 794 1449 882 statu,

295 976 332 1051 dt
345 968 485 1046 animo,
507 970 583 1025 non
597 932 730 1035 poterit
744 909 1031 999 non·favor·abile
1043 904 1216 999 judicium
1232 896 1318 969 ferri
1332 917 1353 967 a
1368 894 1450 967 Deo

239 1064 245 1085 ¹
298 1072 334 1144 δι
361 1040 584 1141 hominibus,
606 1039 654 1109 ita
675 1045 738 1115 ut,
762 1020 788 1093 fi
808 1020 845 1094 in
867 1009 1037 1107 judicium
1060 1016 1216 1075 vocetur
1232 994 1363 1078 status,
1388 988 1449 1062 vel

773 1110 952 1193 charitatis
977 1103 1202 1182 absolvatur,
1225 1092 1258 1164 δι
1281 1107 1449 1179 tanquam

280 1260 410 1337 ·'ustus
433 1252 466 1325 &
488 1250 601 1319 bonus
628 1224 812 1305 laudetur,
850 1203 988 1285 necesse
1015 1198 1066 1274 sit.
1121 1219 1154 1269 u.
1179 1184 1360 1264 Necillud
1377 1200 1450 1258 tan.

213 1422 215 1425 -
300 1378 380 1455 tum
390 1347 468 1443 ,sed
478 1346 552 1440 jure
567 1326 677 1426 ipsum
693 1318 736 1395 ad
751 1319 846 1389 bona
860 1300 1014 1381 foederis
1029 1294 1202 1394 gaudere,
1213 1286 1373 1376 adeoque
1388 1278 1452 1353 hu*

301 1461 356 1553 jus
379 1455 413 1527 de
430 1448 555 1519 suturae
577 1428 659 1503 vitae
675 1417 776 1495 bonis
790 1406 942 1506 gaudere
957 1398 1087 1471 debere
1103 1392 1138 1463 δι
1152 1384 1349 1485 gavisurum
1363 1377 1453 1463 else,

304 1547 495 1629 secundum
509 1528 613 1629 ipsius
632 1519 699 1595 llei
715 1510 905 1607 judicium,
929 1490 1169 1593 quodnullius
1184 1504 1258 1557 non
1275 1472 1455 1553 conscicn-

285 1647 419 1728 ·tia·ad
445 1640 571 1713 robare
594 1622 741 1697 debeat,
776 1608 960 1681 indicatur.
1010 1587 1119 1689 Quod
1140 1578 1251 1677 ipsum
1266 1580 1369 1669 supra
1385 1574 1456 1646 dic-

307 1767 384 1823 tum
411 1740 500 1822 suit,
522 1722 684 1826 justitium
708 1710 775 1805 q'ur
802 1699 886 1792 [lare
919 1700 953 1767 iu
976 1705 1143 1762 eternum.
1209 1700 1242 1771 3.
1269 1673 1457 1763 Denique,

309 1847 369 1921 ubi
393 1840 489 1913 Deus
505 1826 665 1924 judicium
691 1808 789 1882 suurn
814 1798 918 1870 rebus'
938 1787 1096 1863 humanis
1111 1771 1379 1868 interpositurus
1395 1765 1458 1852 lit,

278 1947 280 1952 ’
334 1941 404 2017 uod
432 1922 576 2007 subinde
604 1902 763 2006 smgulari
786 1894 895 1973 modo
918 1886 981 1975 fit,
1028 1880 1152 1955 &hoc
1175 1870 1250 1967 ipso
1271 1882 1456 1957 tempore,

308 2062 380 2135 quo
405 2032 454 2109 Ps.
479 2009 692 2111 compositus
714 1999 784 2086 eli,
811 1988 940 2067 sodium
963 1978 1110 2066 fuir,·&
1133 1970 1257 2055 fierer3
1282 1959 1459 2037 causaliu-

260 2160 265 2168 ’
308 2140 363 2233 jus
386 2131 476 2218 viri,
502 2120 536 2195 δι
558 2115 632 2205 eius
655 2098 836 2179 similium,
850 2081 1104 2175 triumpharet,
1129 2072 1179 2166 ita
1192 2082 1233 2140 ut
1243 2066 1299 2156 Jus
1308 2062 1349 2132 'in
1366 2060 1461 2130 bona

311 2236 414 2326 hujus
436 2226 519 2299 vitae
549 2208 627 2306 ipsu
649 2203 693 2291 sit,
711 2192 879 2269 divinitus
901 2174 1169 2276 adsignandum,
1201 2185 1283 2239 cum
1305 2152 1460 2233 hostium

196 2414 202 2422 .
314 2313 615 2407 condemnatione
637 2288 844 2377 &excidio
896 2278 1004 2369 Cujus¹
1018 2265 1274 2343 illustrissimum
1288 2258 1359 2331 hoc
1376 2270 1463 2327 tem·

314 2448 405 2525 pore
429 2422 465 2493 in
492 2396 717 2487 Maccabeis,
751 2380 891 2479 &legis
906 2369 1080 2454 studiosis,
1106 2365 1175 2439 luit
1190 2356 1365 2453 specimen
1379 2370 1464 2421 con-

313 2528 485 2623 spicuum.
541 2528 576 2597 4.
606 2490 792 2571 Tandem,
816 2500 889 2555 non
918 2494 983 2567 pro
1004 2463 1105 2540 brevi
1130 2472 1316 2548 tempore,
1346 2445 1463 2517 sedin

338 2630 552 2717 erpetuum,
584 2597 689 2671 etiam
718 2580 795 2681 post
822 2588 975 2651 mortem
1007 2561 1099 2657 apud
1118 2559 1258 2649 longam
1285 2540 1465 2640 posterita-

316 2739 410 2806 tem,
445 2713 516 2785 hoc
537 2687 723 2796 privilegio
744 2673 941 2777 gavisurum
968 2661 1036 2735 else
1060 2654 1241 2752 homiuem
1260 2637 1466 2719 beneficum

316 2818 356 2899 ,bt
377 2808 581 2887 liberalem,
619 2778 837 2881 significatur.
888 2761 1017 2839 Phrasrs
1035 2754 1154 2839 enim,
1178 2749 1322 2820 tuebitur
1337 2731 1466 2826 rausum

314 2908 523 3007 injudicio,
558 2893 724 2965 denotat,
757 2873 892 2963 semper
922 2863 957 2937 dr
986 2863 1023 2931 in
1046 2865 1259 2949 perpetuum
1280 2838 1465 2918 tuebitur,

322 3005 461 3106 quoties
485 2989 648 3090 judicium
673 2977 715 3050 de
744 2968 821 3067 ipso
850 2960 1064 3039 instituetur.
1113 2948 1153 3021 ld
1177 2942 1273 3037 quod
1290 2931 1470 3029 sequentia

313 3108 425 3185 uerba
441 3090 662 3174 confirmant.
938 3106 945 3125 ,

368 3210 400 3295 §.
425 3194 552 3271 XXlll.
568 3169 806 3268 ‘subjungitur
830 3163 924 3238 enim
949 3173 1035 3229 mox
1055 3145 1099 3221 ad
1120 3144 1255 3219 bonum
1278 3128 1362 3205 illud
1386 3146 1471 3221 con·

321 3296 551 3381 firmandum,
576 3273 669 3353 vers.
687 3274 721 3344 6.
748 3269 822 3363 quia
845 3268 881 3335 io
904 3271 1058 3329 aternum
1080 3266 1144 3317 uon
1165 3233 1400 3312 dimovebitur,
1431 3241 1472 3292 u·

322 3416 422 3476 torace
444 3387 619 3467 memoriae·
634 3376 694 3444 erit
712 3367 729 3463 j
747 3361 831 3457 slus.
878 3414 884 3420 .
919 3373 1000 3425 uem
1021 3341 1132 3418 modo
1154 3325 1335 3415 tenerrimi
1355 3317 1472 3395 adsec-

323 3514 380 3574 tus
400 3494 544 3570 virum,
568 3478 601 3549 dr
625 3481 820 3566 egenorum
843 3448 1129 3532 adflislorumque
1152 3444 1341 3529 patronum
1362 3440 1402 3493 ac
1436 3436 1472 3487 u-

325 3596 559 3671 stentatorem
575 3567 751 3645 liberalem
762 3580 808 3629 ac
823 3542 1106 3626 misericordem,
1122 3527 1376 3624 adpellaverat,
1387 3534 1473 3587 eum

326 3695 385 3769 hic
411 3681 492 3784 jussa·
522 3673 626 3753 titulo
649 3686 689 3737 ac
710 3652 877 3731 encomio
902 3655 1027 3725 ornat,
1053 3655 1135 3709 cum
1157 3624 1251 3721 quod
1267 3623 1307 3718 ju
1338 3622 1417 3691 iriae
1437 3610 1477 3685 &-

326 3786 500 3865 rlmrr‘rorr'r
525 3774 675 3847 virtutes
692 3759 759 3833 sint
777 3740 1041 3841 inseparabiles,
1061 3748 1138 3807 tum
1160 3722 1256 3818 quod
1271 3742 1344 3793 vox
1361 3713 1473 3797 Hebr.

310 3886 460 3988 xjuslr'tr'u
489 3874 594 3948 etiarn
616 3852 876 3951 eleemosynas,
902 3842 936 3914 δι
955 3830 1203 3909 liberalitates,
1218 3818 1282 3895 usu
1297 3814 1360 3889 suu
1378 3828 1475 3883 com-

330 3977 594 4084 prebendarum
610 3952 712 4035 &Gn
725 3942 895 4025 damianus
905 3991 917 4029 ,
927 3954 1004 4010 tum
1018 3925 1169 4019 denique
1184 3935 1337 4008 ut‚eum
1350 3902 1479 4002 causam

323 4086 421 4184 luam
444 4068 622 4170 injudicio
647 4052 741 4132 tueri
764 4042 885 4143 polle,
916 4025 1142 4109 sicutmodo
1168 4020 1323 4105 dixerat,
1349 4004 1479 4085 indica·

1413 4114 1483 4173 ret.
