3984 5159
430 521 1514 666 ',30e.cou'mr-ur'a'1e1us
1609 587 1612 593 -

530 737 721 840 ingemere
744 737 990 838 pomoerium,
1015 749 1179 826 tanquam
1204 737 1360 808 circuitus
1377 735 1491 823 urbis,
1517 725 1695 830 intelligl-'
1781 728 1786 738 ’

532 852 591 911 tur
605 871 644 927 a,
669 861 752 927 cum
767 840 862 910 rauix
883 848 962 920 un,
988 835 1130 925 proprie
1147 830 1291 920 versari,
1310 833 1392 904 inde
1407 833 1506 907 madia
1521 831 1562 903 lit
1578 832 1679 905 ulum

531 939 752 1009 circumeundi
765 939 801 1008 iu
817 935 962 1018 orbem,
989 929 1145 1001 rotundo
1160 929 1321 1025 cingendi
1340 933 1485 1004 circulo.
1541 1001 1543 1004 .

584 1036 617 1121 ς,
642 1031 778 1104 Xiivll,
800 1029 919 1102 'Votis
940 1047 1025 1100 mox
1051 1027 1145 1099 addit
1169 1025 1384 1120 propofitum
1408 1029 1451 1099 de
1472 1027 1598 1122 poce&
1612 1041 1683 1120 pru·
1793 1089 1814 1098 ..
1899 1041 1901 1054 ·

526 1131 688 1229 speritate
710 1125 872 1200 Hieroso!
901 1147 966 1199 mae
987 1137 1053 1216 p'to
1074 1124 1205 1196 viribus
1222 1127 1460 1214 procuranda,
1482 1121 1574 1204 ,vers
1599 1129 1671 1216 8,9

536 1224 679 1319 Propter
691 1221 824 1314 fratres
910 1220 1006 1306 firciur
1029 1241 1111 1292 mres
1135 1239 1246 1314 loquar
1263 1217 1403 1315 profetia
1425 1236 1534 1315 pacem
1554 1226 1590 1292 irc
1618 1217 1687 1314 'l'et
1832 1229 1836 1237 '

532 1337 665 1420 propter
690 1323 784 1395 edam
811 1315 948 1414 Jelrevc
980 1315 1048 1390 Dei
1069 1315 1169 1406 nostri
1191 1339 1330 1412 quoram
1356 1321 1417 1388 tili
1441 1321 1569 1390 bunum.
1593 1315 1627 1388 h.
1652 1337 1687 1392 e.

540 1417 648 1494 Votis
670 1420 704 1490 dt
725 1415 1032 1511 apprecaciouibus
1054 1437 1128 1487 non
1157 1429 1370 1498 contentus,
1399 1413 1476 1506 ipso
1500 1433 1611 1508 opere
1629 1435 1689 1488 me

538 1515 626 1591 Tibi
648 1519 741 1589 berre
764 1511 954 1608 praestabat
978 1532 1123 1604 pacem,
1145 1513 1183 1585 dc
1204 1514 1334 1602 quaeris
1349 1512 1442 1584 bona
1465 1511 1550 1598 alia,
1571 1509 1619 1582 ‘ad
1632 1509 1689 1584 Te

543 1614 758 1698 ornandam,
790 1612 1048 1696 muniendam,
1072 1608 1198 1698 opibus
1219 1606 1525 1697 accumulandum,
1551 1605 1692 1684 statum·

543 1733 614 1806 que
636 1727 735 1783 tuum
761 1706 916 1782 liabilem
938 1707 972 1779 de
996 1702 1200 1798 prosperum
1216 1703 1452 1787 reddendum,
1479 1707 1705 1778 totoanimo·
1787 1797 1792 1802 q

480 1823 483 1828 ’
543 1808 582 1885 dt
602 1810 767 1882 omnibus
799 1804 933 1874 viribus
956 1803 993 1874 iu
1015 1799 1071 1887 Te
1095 1799 1260 1873 conferre
1284 1797 1599 1896 conaborz'idque
1628 1821 1696 1874 nec
1734 1819 1737 1825 ·

544 1926 618 1982 tam
638 1908 702 1975 mei
725 1919 785 1974 aut
808 1905 860 1970 tui
879 1895 1002 1984 causa,
1028 1919 1131 1990 quam
1153 1899 1190 1972 in
1212 1900 1355 1995 gratiam
1372 1919 1519 1986 eorum,
1545 1899 1698 1987 quiean·

432 2029 435 2031 “
545 2003 628 2076 dem
650 2019 790 2072 mecum
805 1994 999 2090 agnoscunt
1025 1995 1219 2090 originem,
1245 1995 1389 2070 eosdem
1413 1997 1589 2086 majores3
1622 1995 1696 2088 qui·
1799 2060 1804 2068 .

545 2119 617 2190 que
642 2096 726 2165 milti
745 2091 837 2163 acite
860 2087 1040 2179 conjuncii
1060 2088 1157 2180 sunt,
1182 2090 1434 2185 quorumfiricrs
1452 2094 1487 2164 in
1501 2113 1542 2164 ea
1560 2089 1699 2167 iberos.

548 2195 613 2268 scta
625 2187 695 2263 est:
721 2185 911 2281 metropoli
927 2183 1020 2258 salva
1034 2187 1068 2258 dc
1082 2183 1254 2278 florente,
1280 2189 1430 2284 populus
1445 2189 1628 2262 universus
1643 2211 1700 2281 pa·

549 2311 594 2363 ce
615 2287 765 2368 fruitur,
799 2284 1022 2376 &prospere
1042 2285 1151 2381 degit.
1218 2287 1295 2360 lmb
1315 2285 1465 2358 studium
1492 2282 1638 2380 Templi,
1663 2285 1702 2361 in

548 2387 609 2462 Te
631 2383 811 2482 erigendr,
836 2381 948 2455 unicae
968 2381 1082 2454 cultus
1105 2383 1175 2455 Dei
1197 2383 1234 2454 irr
1254 2397 1438 2456 totaterra
1455 2381 1566 2472 sedis,
1589 2397 1649 2458 tue
1666 2383 1703 2458 in

550 2485 672 2582 primis
691 2480 895 2574 compellit,
922 2495 962 2551 ut
976 2480 1116 2553 utilitati
1137 2493 1204 2552 tue
1220 2476 1386 2553 studeam.

603 2585 636 2669 §.
654 2576 812 2650 XXVlll.
851 2573 967 2659 David
990 2575 1048 2648 hic
1073 2609 1108 2648 a.
1123 2577 1206 2670 quid
1220 2576 1475 2668 Hierosolyma
1489 2577 1530 2650 srt‘
1550 2573 1706 2651 factum

553 2677 739 2760 declarat,
789 2677 956 2762 bouum
978 2675 1028 2746 ob
1054 2671 1200 2747 causam.
1240 2707 1274 2747 α.
1298 2673 1456 2759 Plrrases,
1490 2679 1574 2769 loqui
1595 2692 1706 2768 pacem

555 2769 808 2863 Hierrficlpme,
838 2767 882 2847 δ’
896 2791 964 2863 quc
977 2793 1050 2840 rere
1070 2773 1183 2842 benum
1203 2772 1294 2864 ejus,
1329 2772 1420 2843 lraud
1444 2774 1591 2848 multum
1604 2769 1710 2844 diffe-

556 2883 652 2943 runt.
703 2864 812 2959 Loqui
839 2862 933 2938 enim
953 2878 1064 2960 pacem
1086 2869 1189 2940 alicui
1203 2865 1253 2940 est
1271 2870 1339 2939 hoc
1354 2868 1436 2940 loco
1450 2891 1527 2942 eam
1545 2889 1727 2961 procura·

556 2985 618 3046 re,
645 2961 698 3035 uti
716 2961 898 3054 benedicere
922 2965 1016 3035 bona
1031 2963 1218 3051 conferre,
1245 2962 1355 3057 phrasi
1370 2967 1414 3037 ab
1430 2987 1476 3037 eo
1494 2969 1623 3056 petita,
1648 2964 1710 3058 qui
1725 2974 1730 2982 '

554 3057 647 3162 jussu
669 3058 730 3133 suu
751 3081 818 3150 rear
836 3055 944 3139 bstit,
971 3073 1012 3130 ut
1032 3060 1130 3152 loqui
1156 3082 1332 3154 nunquam
1356 3059 1397 3134 stc
1421 3061 1576 3135 irritum:
1605 3062 1711 3136 adeo·

411 3239 414 3242 ,
559 3182 631 3256 que
650 3158 694 3230 de
716 3178 790 3251 rege
806 3150 901 3225 reste
918 3153 1121 3246 usurpatur,
1147 3159 1205 3248 qul
1224 3174 1332 3254 pacem
1348 3158 1527 3249 loquendo
1541 3157 1574 3230 dt
1587 3160 1717 3250 juben·-

558 3260 611 3332 do
624 3249 758 3331 adfert:
773 3254 822 3324 itu
836 3247 930 3324 Esth.
946 3273 981 3325 x:
997 3273 1030 3343 3.
1044 3249 1088 3323 de
1103 3252 1354 3340 MordoehaeO,
1370 3257 1427 3347 qui
1444 3257 1490 3329 ibi
1507 3255 1715 3328 describitur

553 3354 718 3454 ficundar
741 3372 880 3443 crepe,
903 3349 937 3421 bt
958 3369 1097 3445 mugnus
1120 3349 1213 3421 inter
1229 3348 1390 3442 Judaeum
1415 3373 1487 3444 quo
1507 3352 1650 3440 iustam
1664 3353 1715 3425 di·
1738 3367 1742 3376 “

563 3453 657 3525 citur
671 3441 858 3547 qucrssuiffe
874 3449 987 3519 lanum
1000 3443 1191 3542 pepulcsui,
1221 3447 1376 3542 &pacem
1394 3452 1534 3520 locurum
1552 3450 1718 3544 cotisemi·
1740 3471 1744 3476 ·

566 3543 685 3639 mistro.
708 3547 801 3617 unde
815 3541 937 3617 nostro
958 3545 1041 3617 locu
1057 3545 1112 3616 lux
1131 3545 1259 3618 oritur.
1307 3543 1431 3618 Sensus
1447 3567 1486 3615 er
1510 3569 1533 3616 o
1548 3545 1617 3633 ell,
1645 3569 1717 3619 uer·

565 3644 616 3714 bis
631 3645 666 3711 lie
681 3640 784 3728 fuiiir
801 3642 1001 3733 procurabo
1015 3641 1079 3718 tibi
1092 3655 1219 3728 putem,
1245 3637 1390 3714 efficiam
1405 3663 1501 3715 omm
1519 3643 1654 3732 modo,
1673 3657 1718 3718 ut

569 3733 738 3831 pacifice,
763 3728 883 3809 secure
906 3736 939 3804 lit
964 3734 1151 3826 prospere,
1175 3733 1295 3830 degas:
1318 3741 1414 3832 quod
1431 3740 1575 3810 ulterius
1591 3737 1721 3812 confir-

568 3850 644 3908 urat
670 3827 944 3918 alterutrumne,
974 3853 1127 3923 quaerere
1153 3835 1265 3904 lunum
1287 3838 1374 3927 ejur,·
1408 3857 1485 3926 quae
1506 3835 1590 3907 nibil
1613 3837 1721 3911 habet

568 3927 729 4006 difficilis.
780 3925 937 4000 Tantum
966 3924 1196 4018 observetur,
1234 3947 1363 4006 vocem
1382 3933 1456 4005 lucri
1476 3952 1549 4008 nou
1573 3930 1651 4014 else
1666 3949 1721 4002 re·
1747 3947 1750 3954 ’

1602 4025 1719 4102 ‘urm
1788 4025 1792 4028 ’

611 4137 734 4211 avie
754 4136 927 4209 Schulteus
949 4139 989 4210 ad
1010 4137 1107 4212 uror.
1128 4153 1229 4210 xxxix
1253 4155 1309 4218 29.
1693 4157 1698 4164 ·
