3984 5159
549 528 674 652 'ns
771 545 1630 638 couurnnsnrus·

601 747 744 826 fluxerit
763 745 946 842 irnpietas,
975 743 1014 820 in
1036 761 1082 818 eo
1102 739 1227 832 litum,
1253 739 1349 836 quod
1370 739 1441 816 toti
1460 737 1598 818 inhient
1620 746 1764 822 mendo·

603 847 683 936 cio,
713 847 748 920 dt
780 845 961 939 quibusvis
984 840 1102 919 foedis
1122 841 1238 929 vitiis,
1277 841 1335 914 cui
1359 839 1547 914 damnabili
1572 841 1762 926 adsestiom'

603 943 918 1040 professionem&
945 940 1154 1038 religionem
1182 939 1253 1012 Dei
1272 942 1540 1031 adtemperant,
1570 939 1604 1013 dt
1630 944 1757 1016 manci.

602 1058 701 1139 punt.
750 1040 1074 1152 Quemadmodum.
1078 1041 1290 1150 perjurium,
1317 1035 1461 1130 profani
1483 1037 1590 1112 animi
1605 1037 1757 1136 signum,

601 1131 1759 1330 tlltllltlt‘llnlttlllltll'liltonsillis

601 1354 662 1422 re,
676 1329 928 1426 professionem
941 1333 1036 1423 Dei,
1052 1333 1255 1421 decultum,
1271 1329 1492 1404 mendaciter
1508 1328 1631 1404 facere
1648 1356 1692 1407 ac
1705 1357 1758 1408 exv

599 1451 745 1520 escere,
770 1431 927 1525 perjuria
948 1450 1088 1526 quoque
1109 1429 1336 1524 impudenter
1357 1429 1605 1518 committere,
1639 1431 1678 1506 in
1700 1431 1759 1532 lig·

600 1549 691 1605 num
708 1529 828 1605 ›nnimi
854 1531 996 1624 penitus
1017 1527 1223 1621 depravati,
1260 1548 1303 1601 ac
1325 1527 1553 1602 irreverentis
1578 1527 1617 1601 in
1640 1528 1756 1608 Deum

601 1625 825 1718 &injurium
857 1646 1067 1718 novumque
1081 1622 1260 1718 specimen
1276 1625 1465 1719 impietatis
1480 1624 1518 1700 in
1533 1623 1658 1706 Deum
1673 1647 1754 1704 con-

600 1723 749 1813 tinebit,
781 1745 827 1800 ex
850 1745 923 1818 quo
943 1719 1136 1815 hypocrisis
1159 1743 1285 1802 eorum
1312 1719 1490 1797 clariffime
1518 1723 1753 1802 elucescebat

599 1818 803 1916 Utrumque
816 1821 842 1896 fi
855 1821 989 1915 conjun
1014 1840 1075 1894 ero
1091 1841 1163 1896 non
1177 1819 1302 1909 liceat,
1328 1819 1425 1915 quod
1438 1839 1559 1895 tamen
1575 1844 1652 1897 non
1666 1823 1753 1900 adeo

597 1916 695 1997 soret
725 1920 909 2010 alienum,
945 1842 1014 1992 seg
1035 1917 1070 1992 dc
1098 1917 1254 2016 generali
1278 1939 1319 1991 ac
1349 1917 1513 2012 ellipticae
1536 1919 1649 2013 phrasi
1672 1944 1752 1998 con·

595 2014 1406 2208 sta’nttlnnslsnlnnun
1427 2113 1750 2230 ,n

593 2214 683 2284 erius
702 2209 761 2281 hic
782 2209 1012 2303 praeferrem3
1037 2211 1117 2305 quin
1141 2209 1255 2299 Deus,
1282 2209 1341 2282 vel
1362 2231 1480 2284 nomeu
1499 2209 1570 2284 Dei
1593 2212 1747 2304 facilus,

593 2303 752 2400 suppleri
768 2306 906 2402 potest,
932 2331 1016 2384 cum
1041 2309 1117 2401 ejus
1135 2307 1244 2384 modo
1262 2306 1482 2400 precesserat
1499 2311 1661 2401 mentio;
1680 2333 1742 2386 no-
1881 2337 1883 2398 l

592 2405 696 2480 minis
709 2403 782 2479 Dei
794 2406 937 2497 abullri,
959 2407 996 2482 dr
1010 2406 1186 2499 perjurio,
1203 2425 1345 2499 quoque
1359 2405 1460 2480 locus
1474 2407 1533 2482 hic
1550 2407 1673 2482 rebilus
1688 2408 1743 2484 da·
1882 2407 1883 2426 ¹

589 2514 672 2594 tur,
697 2503 758 2578 ubi
777 2503 826 2578 de
842 2511 1009 2602 impietate
1029 2524 1155 2579 eorum
1171 2505 1305 2600 agitur,
1330 2501 1541 2580 sicutmodo
1555 2505 1600 2580 de
1616 2507 1743 2604 impro-
1881 2545 1883 2594 ς

588 2599 1361 2702 bitateeorumergahomincsdiclumerat.
1881 2665 1882 2710 ἰ

613 2727 617 2734 ’
637 2703 669 2788 §-
684 2711 877 2780 XXXVlll.
909 2698 1140 2794 Subjungitur
1152 2696 1294 2772 tandem
1309 2719 1374 2792 per
1388 2697 1535 2776 modum
1551 2698 1737 2776 concluso·
1881 2717 1882 2778 j

587 2794 643 2868 nis
655 2797 843 2888 epitheton
865 2797 970 2872 valde
982 2794 1166 2883 odiosum,
1191 2815 1283 2890 quo,
1310 2797 1363 2868 his
1378 2798 1523 2889 prolatis
1541 2799 1738 2894 improbita-
1881 2811 1882 2830 ¹

587 2889 633 2973 tis
656 2891 691 2963 dt
719 2893 913 2985 impietatis
935 2893 1181 2987 speciminibus
1209 2894 1491 2980 convenienter,
1522 2897 1737 2990 adpellantut

586 2985 686 3081 instes
702 2987 796 3078 Dei,
827 2991 1120 3082 quumadditvir
1135 2992 1234 3084 pius,
1258 2989 1359 3085 hostes
1376 2997 1447 3080 tui,
1473 2991 1629 3085 scilicet,
1646 2993 1734 3091 sunt.

584 3084 696 3187 Quod
713 3087 903 3182 epitheton
922 3108 1004 3162 cum
1021 3084 1269 3180 speciminibus
1284 3088 1472 3183 impietatis
1490 3091 1737 3188 subjungatur,

583 3185 809 3262 manifestum
820 3183 894 3273 est,
908 3183 994 3258 illud
1009 3205 1052 3258 ex
1066 3187 1109 3261 iis
1123 3183 1365 3262 elscedustum
1373 3235 1387 3290 ,
1402 3187 1485 3261 dead
1501 3209 1543 3261 ea
1557 3191 1670 3265 relate
1684 3211 1737 3262 ex·

580 3284 807 3377 piscandum,
826 3283 994 3377 redeoque
1014 3279 1113 3373 bullen
1130 3282 1199 3357 Dei
1214 3294 1277 3357 eos
1294 3283 1478 3376 adpellari,
1504 3288 1601 3379 quod
1619 3309 1684 3362 ore
1702 3287 1737 3362 li-

416 3403 426 3410 ’
535 3402 538 3407 ·
582 3381 646 3459 det
665 3407 749 3465 eum
770 3377 938 3479 profesti,
961 3379 996 3457 dt
1017 3381 1314 3457 ritibusexternis
1326 3383 1507 3471 colentes,
1530 3390 1656 3458 anisnis
1672 3383 1737 3460 lint

580 3481 627 3553 ab
646 3505 695 3556 eo
713 3484 845 3573 aliern,
872 3499 1032 3578 reumque
1048 3495 1212 3577 unquam
1228 3477 1455 3568 omniscium,
1478 3495 1542 3556 aut
1558 3481 1734 3574 iustum&
1788 3554 1793 3558 .

579 3574 761 3671 sendum,
779 3571 985 3681 abnegem,
1004 3601 1045 3654 ac
1064 3579 1202 3657 homini
1217 3598 1330 3673 pravo
1344 3576 1488 3653 similem
1501 3589 1657 3671 putent,
1685 3576 1733 3656 Ps.

578 3693 616 3747 tn
634 3697 691 3750 υ.
716 3681 812 3778 leges
830 3677 907 3772 ejus
921 3677 1108 3849 speonnnt,
1133 3675 1166 3749 dt
1181 3677 1413 3767 proculcent,
1438 3691 1610 3770 preterea
1626 3677 1734 3774 ipsum

577 3768 813 3863 prostituant,
838 3778 872 3852 dt
895 3799 940 3851 cu
954 3793 1029 3869 tum
1051 3775 1128 3863 ejus
1142 3773 1295 3846 ludibrio
1312 3787 1514 3866 exponunt,
1542 3796 1603 3863 ac,
1627 3797 1730 3871 quan·

577 3865 779 3963 inminse,
809 3873 989 3947 destnuant
1012 3871 1106 3944 inter
1123 3869 1305 3958 hominest
1328 3870 1594 3963 scopoquoque
1609 3873 1730 3948 Delio

574 3963 721 4038 bomine
742 3969 898 4051 crcmdb
919 3967 1182 4063 adimaginem
1206 3964 1299 4042 stram
1324 3967 1395 4040 sese
1421 3962 1594 4042 hostiliter
1616 3992 1730 4064 oppo-

571 4078 679 4159 nent,
709 4061 744 4138 dc
767 4063 912 4144 obicem
933 4079 1094 4162 ponant3
1128 4065 1280 4160 denique
1300 4064 1335 4140 se
1358 4065 1636 4164 cupiditatesque
1654 4067 1726 4176 suas
1802 4091 1808 4099 ¹

1686 4185 1725 4238 m
