3984 5159
445 561 551 624 eu.
595 537 624 620 Ρ
669 533 696 616 S
742 531 968 618 Alli-M,
1030 537 1312 642 exilium.
1388 569 1465 668 ²97

289 765 413 845 pacem
435 729 770 838 &prosperitatem
791 728 943 810 multum
965 733 1134 812 conferre
1160 751 1321 834 poterat,
1350 756 1392 820 ut
1407 767 1457 825 er

290 845 380 920 vers.
406 850 426 919 8
449 842 483 914 δι
506 861 542 931 9.
572 849 683 932 patet.
734 830 926 906 Rationem
945 832 1086 908 tutandi
1114 855 1156 910 ea
1177 839 1221 911 de
1245 862 1284 912 re
1299 839 1451 922 habebat

287 943 485 1036 duplicem:
522 940 641 1033 altera
654 928 728 1018 est,
761 929 859 1021 quod
878 927 980 1023 ipisus
1009 931 1139 1010 familia
1157 933 1277 1010 stabile
1301 941 1450 1018 haberet

222 1041 225 1046 ’
288 1062 440 1137 regnum
461 1028 742 1124 Hierosolymis,
774 1023 867 1102 vers.
890 1031 1097 1121 5.,.alteru,
1123 1033 1219 1128 quod
1239 1036 1448 1132 metropolis

286 1137 392 1233 regni
407 1134 481 1219 sui,
499 1127 632 1223 abipso
645 1139 822 1218 occupata
833 1123 872 1198 be
885 1125 1120 1219 exaedifimta,
1137 1132 1242 1208 unica
1254 1131 1354 1208 foret
1370 1137 1449 1210 reli·

286 1235 406 1332 gionis
426 1247 567 1322 quoque
589 1225 698 1300 sedes.
748 1219 934 1298 Materiam
951 1223 1081 1302 letitiae
1094 1229 1244 1321 praebuit
1283 1251 1370 1306 rona
1382 1253 1448 1326 po.

234 1325 238 1328 ’
286 1331 363 1428 puli
380 1331 616 1422 &procemm
629 1322 816 1409 voluntas,
841 1343 910 1414 qua
921 1335 1115 1418 utrumque
1129 1326 1232 1401 bota
1261 1327 1381 1419 urnfit,
1413 1329 1452 1406 it
1495 1330 1501 1340 '

287 1429 327 1504 ie
345 1423 581 1520 praestimrum
594 1419 662 1492 elie
677 1419 846 1515 promifit.
894 1418 992 1492 Prius
1009 1420 1052 1493 ad
1067 1425 1257 1517 religionis,
1271 1423 1447 1524 posterius
1508 1423 1510 1431 '

289 1524 338 1598 ud
357 1524 572 1595 tribunalium
589 1515 703 1590 sedem
716 1518 887 1613 pertinet.
936 1513 1029 1592 Cum
1043 1529 1163 1608 autem
1173 1525 1270 1614 prius
1283 1522 1446 1599 nondum

292 1618 465 1708 exilaret,
486 1613 645 1711 posterius
657 1616 865 1707 jamlocum
882 1613 1053 1705 habebat,
1067 1614 1150 1688 hinc
1164 1613 1343 1692 diversrtas
1357 1635 1445 1696 tem·
1548 1642 1553 1652 ¹

290 1734 439 1814 porum,
453 1715 579 1809 quibus
592 1711 669 1788 hec
683 1712 756 1786 duo
770 1713 1018 1810 exprimuntur
1025 1761 1039 1804 ,
1052 1712 1246 1809 repetenda
1259 1712 1322 1788 est.
1352 1712 1445 1789 Tem.
1594 1771 1597 1778 .

281 1818 380 1913 plum
400 1812 564 1888 nondum
582 1823 662 1884 erat
682 1807 915 1900 edificatum,
939 1831 1047 1904 quere
1064 1809 1133 1885 fut.
1149 1823 1288 1907 tempus
1303 1809 1445 1885 adhibe·

285 1930 366 2004 tur,
389 1915 511 1986 ibimus
533 1910 661 1981 domum
672 1904 833 2006 Jabauae,
853 1905 901 1980 sc.
917 1928 998 1982 cum
1014 1907 1125 1984 fuerit
1138 1903 1330 1997 exstruiia,
1355 1921 1444 1983 tunc

284 2031 331 2084 eo
343 2031 411 2084 nos
425 2006 677 2091 conferemus,
692 2003 726 2077 δι
740 2019 868 2080 mutuo
881 2026 948 2081 nos
962 2005 1248 2099 adhortabimur,
1264 2005 1443 2098 dieentes,

284 2129 395 2182 eamus
412 2107 488 2182 &cs
514 2102 581 2177 sed'
594 2117 679 2176 cum
699 2105 881 2183 tribunalia
904 2102 1032 2183 domus
1054 2101 1235 2178 Davidiue
1251 2104 1324 2197 jam
1347 2103 1444 2200 vige.

284 2223 371 2279 rent
381 2199 668 2293 Hierosolymis,
695 2212 795 2294 praet.
811 2213 980 2296 tempore·
991 2215 1143 2278 utuntur
1157 2201 1335 2280 dicentes:
1346 2198 1445 2301 flant

278 2298 430 2397 fimiter
440 2299 535 2395 pedes
548 2294 650 2390 uasiri
663 2301 700 2369 iu
711 2301 816 2392 portis
832 2302 923 2386 tuis,
955 2320 973 2371 o
986 2293 1230 2392 Hierosolyma!

337 2401 371 2488 §.
387 2395 431 2468 X.
465 2393 570 2468 Prius
592 2391 699 2484 illud,
736 2395 862 2468 domum
884 2389 1024 2504 Jeboeu
1045 2397 1183 2483 ibimus,
1223 2395 1312 2470 nihil
1334 2396 1445 2474 habet

94 2466 95 2493 Ν
136 2512 139 2519 ’
281 2493 443 2570 obscuri:
468 2515 574 2587 quare
597 2493 711 2566 ve'rbo
731 2489 1082 2580 suffecerrtnotasse,
1107 2509 1221 2582 uper
1238 2493 1363 2566 domum
1412 2517 1443 2568 e·

280 2594 374 2666 brom
395 2591 455 2665 hic
481 2588 629 2685 intelligi
647 2585 842 2684 Templum,
873 2607 958 2682 mort
977 2585 1060 2680 post
1081 2601 1235 2662 mortem
1258 2586 1443 2666 Davidrsa

279 2691 473 2766 salomone
488 2685 738 2774 condendum
757 2685 796 2760 in
811 2705 883 2776 quo
896 2683 1035 2777 Jehova
1048 2681 1118 2758 lese
1133 2699 1286 2760 externo
1301 2683 1443 2781 symbo-

282 2788 324 2862 lo
340 2785 445 2879 supra
462 2807 580 2862 arcam
601 2781 786 2858 exhiberet
798 2779 1027 2874 presentem
1053 2777 1240 2875 sacrificia,
1265 2783 1448 2880 &preces

284 2883 414 2982 populi
437 2881 648 2978 susciperet,
680 2878 741 2975 u,
772 2879 860 2953 ritus
882 2879 1060 2977 religionis
1075 2894 1244 2977 acceptos
1268 2881 1331 2958 fibi
1345 2881 1442 2977 esse,

283 2977 553 3057 demonstraret.
602 2981 634 3054 b.
655 2972 815 3087 Phrafis,
831 2979 951 3051 ibimus
965 2977 1042 3071 ite,
1064 2993 1248 3076 promtum
1262 2981 1445 3070 animum,

283 3079 322 3158 ba
341 3077 488 3154 ferrens
501 3075 654 3153 studium
668 3074 854 3168 exprim1t3
866 3073 965 3152 timul
978 3075 1225 3174 complebitur
1236 3076 1443 3154 universum

280 3176 463 3276 religionis
477 3175 712 3263 exercitium,
735 3169 893 3266 Templo
909 3173 1099 3272 alligatum.
1123 3173 1182 3252 Ira
1195 3176 1320 3249 domum
1339 3169 1443 3270 Jebo·
1532 3221 1534 3228 ι

284 3297 357 3364 va,
390 3271 463 3363 est,
499 3294 548 3347 eo
576 3270 692 3346 cultus
715 3290 804 3442 ergo
824 3270 992 3361 tendere,
1027 3271 1125 3367 quod
1146 3269 1197 3344 est
1219 3269 1440 3346 facillimum.

285 3395 315 3448 a.
335 3372 404 3446 Sed
426 3371 568 3463 majoris
590 3365 669 3457 est,
699 3368 748 3442 ob
763 3367 917 3458 errasse,
947 3375 997 3443 ire
1013 3371 1056 3444 ad
1078 3367 1123 3442 Te
1178 3371 1244 3440 lum
1259 3364 1441 3456 nonesse,

282 3469 489 3562 ubicunque
511 3466 642 3554 fuerit,
684 3463 743 3538 sed
764 3461 921 3537 restriiie
941 3465 994 3536 ire
1023 3383 1287 3556 Hierontirymas
1314 3461 1358 3540 ad
1378 3461 1442 3538 do·

282 3587 383 3645 mum
407 3564 501 3653 Dei,
528 3564 588 3638 vel
609 3583 686 3657 quae
709 3559 762 3634 est
782 3555 1036 3658 Hierosolymis,
1070 3575 1131 3634 aut
1152 3581 1232 3732 Ρυω
1257 3563 1294 3635 in
1319 3559 1441 3637 medio

281 3666 337 3743 tui
358 3663 447 3750 erit,
472 3659 787 3752 oflierosolymer
813 3657 928 3734 oratio
943 3659 1040 3734 enirn
1054 3657 1097 3732 ad
1113 3659 1150 3752 ip
1165 3679 1222 3732 am
1238 3656 1442 3753 Hierosoly·

284 3785 377 3842 marn
393 3757 554 3854 dirigitur
571 3759 609 3834 in
623 3754 685 3832 fin.
707 3753 798 3835 vers.
813 3777 847 3832 2.
876 3779 953 3851 quae
965 3756 1148 3832 adlocutio
1160 3752 1233 3830 sese
1247 3757 1290 3858 ed
1304 3771 1441 3838 utrum·

284 3881 355 3953 que
369 3857 569 3934 membrum
583 3852 785 3953 precedent
801 3855 981 3947 extendit,
1007 3871 1047 3930 ut
1059 3851 1342 3932 existimaverim.

333 3961 366 4047 §.
383 3954 443 4030 xl.
470 3951 636 4047 Posterius
660 3951 879 4048 membrum,
910 3950 1040 4048 flantes
1053 3949 1138 4050 sunt
1155 3952 1249 4050 pedes
1273 3951 1374 4048 rastri
1402 3955 1444 4026 im

219 4051 224 4057 ’
284 4058 388 4151 portis
411 4056 501 4144 tuis,
527 4051 648 4130 refero
670 4049 715 4133 ad
731 4051 914 4224 tribunalibus
926 4049 1106 4149 judiam,
1130 4071 1213 4136 cum
1227 4051 1324 4152 quod
1333 4055 1439 4224 pogffis
