3984 5159
409 513 485 572 nn
542 491 587 568 ‘l‘
633 490 658 568 S
707 487 742 566 A
790 486 827 596 L¹
873 487 928 565 M.
1005 486 1251 578 cxtvlzo.
1347 497 1418 592 767

253 681 374 767 nitur,
388 675 484 772 quod
499 674 618 752 Deum
628 672 752 767 Jacobi
767 671 896 746 habeat
910 691 976 768 pro
985 671 1192 770 patrunsuo
1201 674 1306 750 :illud
1321 675 1418 753 enim

255 779 310 854 cll
331 804 410 863 nn:
430 774 571 872 proprie
599 776 635 846 in
655 775 837 867 patrocinio
858 771 951 858 suo,
984 772 1081 863 quod
1101 773 1196 846 idem
1217 771 1290 863 eli,
1324 771 1433 866 stylo

254 871 440 961 orientali,
464 893 505 944 ac
526 875 770 966 patrocinium,
803 867 906 942 &ita
930 881 1120 962 patronus:
1158 872 1286 946 renim
1306 872 1417 944 abun·

255 973 317 1048 clat
354 989 436 1046 cum
464 967 645 1065 emphasr,
682 983 722 1042 ur
754 965 843 1062 saepe
870 963 1157 1042 observavimus:
1189 967 1263 1043 vid.
1295 967 1340 1041 ad
1363 966 1414 1042 Ps.

252 1091 338 1145 btv:
361 1070 396 1144 6.
456 1063 686 1140 Patrocinium
718 1060 761 1156 est
787 1077 975 1158 patronus,
1001 1061 1106 1142 abstr.
1132 1087 1200 1161 pto
1221 1079 1416 1143 concreto:

254 1167 335 1240 alias
361 1190 420 1250 inp
442 1153 596 1253 dicitur,
632 1183 706 1256 quo
728 1159 887 1236 absolute
908 1160 1083 1236 indicatur
1108 1164 1231 1238 vindex
1247 1159 1415 1259 prnnriffi·

253 1285 348 1340 mus:
382 1259 480 1335 cons.
507 1262 551 1334 ad
570 1257 624 1336 Ps.
653 1279 758 1336 xxxv:
782 1278 816 1330 a.
874 1255 1036 1352 Empbrsr
1054 1281 1197 1354 quoque
1219 1283 1294 1336 non
1313 1273 1415 1336 caret

254 1361 378 1438 titulus
400 1355 469 1432 Dei
490 1355 635 1456 Jacob,
670 1354 856 1449 respicitur
881 1354 977 1428 enim
1000 1355 1043 1428 ad
1062 1356 1212 1446 Goelnn,
1237 1358 1297 1451 qui
1311 1357 1416 1454 ipsum

254 1460 294 1532 alr
319 1460 406 1530 nani
429 1458 514 1530 mulo
539 1449 986 1540 liberavit,Gen.ntvt11:
1015 1453 1069 1524 16.
1119 1451 1288 1548 Posterius
1304 1477 1415 1531 mem-

152 1546 161 1558 ’
253 1558 358 1632 brurn
380 1553 586 1646 qualitatem
602 1548 771 1626 moralem
787 1545 854 1620 viri
871 1547 967 1620 beati
981 1548 1150 1640 exponit,
1181 1551 1218 1624 in
1233 1573 1279 1624 eo
1293 1550 1413 1642 sitam,

129 1701 130 1708 κ
254 1650 351 1748 quod
376 1647 541 1748 Jehooam
564 1670 632 1743 pro
655 1645 739 1722 Deo'
753 1643 816 1722 suo
831 1643 979 1734 habeat,
994 1643 1039 1717 ,ἃ
1056 1643 1198 1736 objedio
1212 1647 1286 1739 spei
1301 1670 1341 1721 ac
1355 1668 1418 1722 ex,

129 1807 130 1820 ,
252 1747 493 1842 spediatlonis:
515 1745 615 1843 super
632 1740 767 1842 Jehrvc
792 1739 1003 1835 exspectatio
1027 1740 1096 1816 elie
1118 1741 1268 1832 dicitur,
1294 1764 1414 1837 quate·

249 1867 316 1922 nus
339 1843 455 1943 inipso
472 1847 641 1920 recumbit.
674 1839 780 1939 -Quae
795 1841 898 1916 notio
912 1839 1049 1915 voculae
1071 1849 1109 1926 lp
1128 1839 1207 1915 satis
1220 1857 1308 1914 nota
1323 1840 1387 1917 est.

129 2001 131 2018 .
302 1948 334 2034 §.
353 1941 394 2017 X.
445 1947 481 2030 β.
508 1940 550 2014 ln
575 1937 825 2034 propofitionis
848 1935 1061 2013 dedutlione
1076 1937 1117 2013 ‚dt
1139 1933 1411 2015 confirmatione

251 2036 414 2114 recenset
433 2052 555 2113 orator
577 2035 691 2110 varias
712 2034 1027 2127 rationes,·quibus
1039 2033 1188 2127 probat,
1214 2035 1356 2111 beatum
1371 2038 1411 2111 il-

129 2167 133 2220 :
156 2203 158 2208 .
250 2132 437 2224 tenelle,
464 2137 523 2229 qui
540 2131 715 2228 Jehovam
729 2132 836 2208 habet
853 2147 1065 2225 patronum,
1087 2131 1271 2207 &excitat
1283 2155 1410 2210 omnes

129 2271 133 2320 2,
249 2235 333 2328 pios
346 2232 388 2306 ad
409 2231 492 2306 Deo
506 2229 710 2319 fidendum,
738 2226 827 2304 vers.
847 2231 931 2322 6··9.
981 2250 1015 2302 a.
1033 2224 1150 2302 Prima
1163 2230 1258 2304 ratio
1273 2229 1410 2308 desum-

251 2346 286 2406 ta
309 2327 360 2404 est
374 2332 417 2404 ab
436 2327 624 2404 universali
639 2325 710 2402 Dei
726 2325 883 2404 dominio
898 2326 931 2398 dt
947 2323 1085 2402 infinita
1099 2327 1282 2419 potentia,
1313 2329 1408 2406 vers.

246 2433 282 2502 6.
299 2423 450 2523 qur’fccit
465 2429 585 2502 coelum
603 2421 646 2509 i?
664 2439 785 2500 terram
796 2445 904 2514 ,utare
922 2419 965 2505 d?
980 2426 1111 2511 omniu,
1126 2445 1195 2519 qua
1208 2431 1245 2498 in
1258 2424 1405 2523 iirsunr.

128 2531 129 2540 ‘
247 2521 285 2601 h.
307 2546 340 2598 e.
391 2521 482 2600 Cum
497 2523 606 2616 ,Deus
630 2519 675 2606 stt
698 2536 838 2598 creator
862 2519 977 2609 coeli,
1002 2533 1127 2610 terra,
1152 2521 1254 2595 maris
1280 2521 1407 2602 drom-
1504 2521 1509 2530 ’

246 2621 346 2696 nium
368 2635 645 2708 contentomm,
677 2615 782 2692 facile
808 2617 973 2721 adparet,
1005 2618 1149 2692 beatum
1166 2615 1257 2707 elle,
1280 2619 1343 2712 qui
1357 2643 1405 2699 eo

128 2707 129 2718 Ν
244 2720 357 2798 utitur
372 2717 606 2813 patronos&
621 2711 716 2788 reiie
732 2714 877 2803 facere,
902 2713 962 2807 qui
978 2713 1012 2788 ei
1031 2710 1128 2802 fidit,
1150 2715 1230 2808 quia
1242 2717 1404 2795 omnium

192 2815 197 2822 '
244 2816 409 2890 dominus
431 2813 504 2906 est,
530 2833 598 2906 qua
617 2828 777 2901 creator,
806 2811 865 2905 qui
885 2809 1008 2888 omnia
1025 2809 1131 2886 habet
1145 2811 1313 2906 potestati
1326 2813 1403 2902 sub,

240 2909 353 3004 juta,
378 2911 476 2985 simul
500 2905 777 3004 potentisiimus,
804 2909 865 3003 qui
885 2921 981 2984 tanta
996 2905 1095 2984 dedit
1110 2913 1280 3002 potentia
1292 2910 1401 3006 speci·

242 3009 368 3097 nrina,
409 3007 560 3101 denique
587 3011 760 3080 benevolus
781 3026 864 3102 erga
889 3023 1042 3094 omnes,
1079 3004 1154 3082 stne
1176 3008 1400 3101 discrimine,

242 3125 325 3184 cum
352 3103 418 3180 fint
442 3119 598 3180 creatura
622 3105 719 3197 elus,
743 3102 908 3180 &omnia
924 3116 996 3180 tarn
1010 3104 1230 3181 abundanter
1244 3106 1283 3180 in
1298 3107 1400 3184 usum

128 3265 129 3272 Ν
240 3201 427 3288 hominum
457 3200 683 3290 instruxerit,
708 3201 767 3297 qui
789 3218 875 3298 ergo
895 3199 937 3276 iis
958 3202 1155 3292 benevult,
1180 3202 1247 3278 &e
1297 3201 1399 3279 Nihil

239 3299 299 3374 hic
315 3299 511 3380 notandum
528 3295 695 3394 superest.
743 3303 774 3374 l.
792 3295 939 3376 Secunda
960 3300 1052 3374 ratio
1066 3303 1202 3392 petitur
1219 3295 1399 3378 alidelita-

241 3411 278 3474 te
302 3397 373 3472 Dei
398 3397 435 3472 in
457 3395 626 3492 promiffir
649 3395 855 3490 implendis,
881 3395 965 3475 ibid.
982 3395 1036 3470 bis
1051 3397 1188 3471 verbis:
1214 3397 1398 3496 quiseroat

232 3489 335 3588 fidem
359 3499 395 3567 in
409 3509 578 3570 aternum.
627 3493 935 3589 Praelirpponitur,
958 3489 1071 3587 ipsum
1084 3491 1156 3568 sese
1170 3515 1235 3587 per
1249 3501 1397 3591 promte

237 3588 274 3666 sa
294 3588 515 3667 obstrinxisse
538 3591 762 3678 hominibus,
794 3589 828 3664 dt
845 3585 1070 3680 adfirmatur,
1097 3589 1208 3684 ipsum
1222 3592 1259 3666 in
1278 3592 1318 3667 iis
1332 3595 1397 3671 im.

238 3687 377 3783 plendis
400 3689 470 3762 ell'e
494 3685 637 3764 fidelem
657 3689 694 3763 in
717 3686 957 3784 perpetuum,
981 3688 1053 3762 fine
1074 3690 1145 3762 ulla
1161 3691 1396 3769 mutabilitate
1503 3765 1519 3782 ,

239 3801 303 3878 aut
327 3785 584 3875 inconstantia,
611 3785 670 3860 sed
685 3787 822 3878 semper
841 3787 994 3876 eundem,
1019 3785 1228 3884 &poenitere
1241 3787 1394 3882 nescium.
1414 3781 1419 3790 ’
1443 3840 1450 3848 -

237 3883 349 3974 Dedit
377 3883 475 3960 Deus
505 3886 594 3960 hanc
623 3881 729 3959 fidem
758 3883 960 3958 hominibus
985 3883 1022 3959 in
1044 3907 1196 3983 genere,
1231 3901 1396 3982 tempore

239 3980 508 4076 eretricum&
529 3981 640 4078 lapsus
655 4031 668 4074 ,
683 4004 751 4060 nec
765 4002 840 4058 non
852 3983 1095 4086 renovationis
1109 3983 1242 4154 muudil
1251 3983 1329 4096 post
1345 3987 1394 4061 di.

1245 4103 1394 4183 uvrum,
