3984 5159
474 616 486 633 Α.
516 586 582 643 nn
652 560 681 642 P
727 562 760 645 8·
801 559 836 645 'A
882 508 933 647 La
955 555 1020 651 M
1093 570 1236 657 cxxi.
1280 582 1285 591 '
1384 570 1463 684 375

298 766 541 863 complanandos
555 764 663 852 dicit,
694 778 734 838 ut
749 762 855 838 Zaeh.
874 784 925 839 ro.
943 786 977 860 7.
1010 762 1103 841 Dan.
1119 788 1161 846 11:
1177 793 1233 866 34.
1259 770 1326 846 uc.
1352 794 1385 867 3.
1408 796 1457 850 ne

297 888 391 940 nunc
413 865 548 947 dicam,
570 863 674 937 nimis
687 863 722 933 id
738 862 808 934 effe
822 880 1025 951 remotum,
1045 868 1141 957 quod
1158 892 1289 959 nemo,
1305 870 1368 943 nisi
1382 872 1457 966 spe·

298 966 375 1036 ciali
408 961 663 1048 revelatione,
677 960 764 1033 scire
788 959 923 1053 posset,
955 978 1076 1035 vatem
1096 964 1153 1036 hic
1179 988 1243 1060 per
1267 984 1388 1041 montes
1403 970 1454 1045 in.

297 1062 457 1157 teiiigere
478 1067 595 1155 regnu
609 1057 732 1131 mundi
751 1059 795 1131 ab
818 1054 972 1132 Ecclesia
986 1057 1199 1157 subigendu·
1236 1088 1270 1157 4.
1287 1064 1454 1159 Denique

298 1162 390 1230 vers.
413 1180 477 1247 5.,
517 1157 577 1242 ubi
604 1155 650 1229 de
677 1152 950 1251 persecutionibus
969 1157 1023 1253 agi
1047 1159 1234 1249 censetur,
1269 1164 1451 1254 quomodo

296 1254 465 1331 Ecclesrae
487 1251 612 1325 Christi
639 1252 891 1347 applicabitur,
917 1276 995 1348 quae
1007 1252 1092 1349 solis
1112 1254 1221 1350 ustum
1243 1258 1377 1333 &luno
1395 1259 1456 1333 sri-

297 1376 363 1455 gus
383 1354 559 1426 continuo
576 1349 654 1423 sere
671 1364 819 1443 experta
835 1348 914 1422 esti

349 1454 383 1539 §.
406 1448 485 1520 Vls.
513 1448 675 1521 Aliorum
696 1447 908 1543 hypotheses
926 1446 988 1521 etii
1005 1445 1073 1523 sint
1087 1452 1292 1546 propiores,
1319 1454 1470 1529 &faci-⁵

299 1547 427 1634 liores,
452 1544 534 1638 quia
554 1568 575 1616 a
596 1542 693 1618 sensu
708 1544 941 1626 litterali-non
955 1546 1107 1634 abeunt,
1134 1550 1260 1641 partim
1277 1566 1394 1626 tamen
1410 1552 1464 1625 ab·

297 1662 510 1741 argumento
539 1642 669 1715 cantici
695 1643 906 1731 discedunt,
943 1642 1070 1737 partim
1092 1642 1165 1717 aliis
1191 1640 1453 1724 difficultatibus

299 1755 524 1841 premuntur.
569 1760 598 1812 1.
622 1738 689 1811 Pro
710 1739 851 1816 militari
874 1744 1050 1831 carmine,
1078 1738 1114 1813 in
1134 1736 1252 1816 castris
1267 1745 1454 1835 canend0,

299 1843 337 1914 in
359 1858 492 1936 genere
513 1836 636 1929 nequit
658 1836 799 1924 heberi,
831 1859 912 1911 cum
936 1838 1032 1929 quod
1055 1838 1129 1929 ejus
1151 1838 1285 1914 nullum
1309 1840 1350 1917 sit
1367 1841 1455 1914 indi·

98 1924 99 1936 ’
170 1987 173 1990 -
298 1938 415 2023 cium,
441 1956 523 2007 cum
537 1954 579 2005 ea
597 1933 761 2026 promissa
777 1954 851 2007 non
868 1934 1055 2009 habuerint
1068 1932 1178 2028 Judaei
1194 1938 1231 2010 in
1245 1936 1361 2027 bello,
1388 1959 1461 2011 neew

301 2040 409 2109 etiem
429 2031 615 2105 consecuti
636 2029 702 2104 srnt
723 2030 862 2124 semper
888 2052 966 2107 enm
987 2031 1259 2125 proreuionem.
1317 2057 1351 2111 2.
1372 2032 1453 2109 Nec

301 2133 451 2208 meliore
481 2128 605 2202 nititur
628 2126 888 2216 fundamento,
922 2128 1020 2221 quod
1040 2130 1083 2202 ad
1104 2128 1302 2217 Davidem,
1338 2149 1458 2209 arcem

100 2247 114 2263 ⁸
160 2262 165 2265 ·
302 2224 471 2324 Jebusaeis
488 2225 937 2319 erepturumapplicetur:
953 2226 1141 2301 sublestum
1155 2228 1249 2303 enim
1267 2226 1341 2318 est,
1360 2228 1457 2322 quod

303 2321 435 2421 phrasrs
459 2324 604 2394 attollere
625 2326 729 2394 oculor
744 2324 786 2394 od
800 2337 921 2394 montes
983 2324 1059 2416 nit,
1085 2322 1149 2393 acsi
1167 2323 1310 2417 scopum
1325 2328 1358 2398 ἃ
1373 2325 1457 2399 defi·

304 2421 444 2496 derium
471 2420 683 2511 exprimeret
707 2435 868 2495 montem
890 2416 1031 2491 Tronis
1052 2416 1312 2493 conscendendi
1339 2419 1456 2494 &oc-

303 2516 478 2613 cupandi3
509 2518 646 2590 mentio
667 2518 760 2591 enim
781 2514 822 2591 fit
842 2514 1074 2603 montium&
1099 2513 1225 2607 phrnfis
1241 2514 1327 2589 dicit
1343 2510 1465 2609 aliquo.

302 2615 481 2710 respicere
494 2617 615 2686 aurito·
631 2615 820 2687 inveniendi
835 2611 946 2686 cansa.
985 2611 1126 2685 Deinde
1142 2613 1276 2705 reliqua
1291 2612 1457 2707 promissa

301 2712 385 2791 sunt
403 2710 506 2787 nimis
527 2710 718 2808 generalia,
743 2733 845 2805 quam
872 2723 911 2783 ut
931 2709 974 2782 ad
997 2710 1140 2785 unicum
1163 2730 1245 2787 euro
1266 2708 1383 2787 casum
1399 2732 1454 2783 re·
1512 2755 1514 2760 -
1560 2704 1562 2709 “
1652 2678 1669 2731 ’·

185 2876 189 2883 -
306 2811 429 2906 stflssdi
448 2823 591 2901 queant.
648 2807 729 2907 Qua
748 2804 961 2895 difficultate
984 2806 1019 2880 dr
1040 2828 1081 2881 ea
1100 2808 1274 2904 premitur
1302 2809 1455 2903 opinio,

309 2930 388 3002 quae
410 2906 503 2979 oden
525 2907 570 2978 de
590 2905 699 2979 reditu
716 2902 919 2997 judoeorum
932 2906 975 2978 ab
990 2904 1097 2978 exilio
1112 2904 1232 2999 Babyl.
1248 2906 1459 3000 interpreta-

309 3020 387 3081 tur:
414 3018 642 3097 preterquam
664 3002 760 3095 quod
782 3002 929 3076 reduces
952 3008 996 3075 r'r‘r
1016 3006 1104 3075 brois
1127 3003 1264 3098 semper
1288 3026 1361 3078 non
1389 3002 1458 3077 sint

307 3100 435 3201 gavifi‚
456 3122 522 3174 nec
537 3097 683 3195 pacifice
699 3121 767 3172 nec
781 3100 923 3187 secure,
938 3122 1007 3173 nec
1023 3102 1102 3175 lete
1119 3123 1160 3174 ac
1173 3100 1361 3197 prospere,
1376 3118 1459 3193 ege·

308 3202 382 3275 rint
400 3199 437 3272 in
458 3196 645 3285 Canauna,
672 3195 815 3271 lllustris
836 3197 993 3291 quedam
1013 3196 1183 3292 persona,
1206 3199 1241 3272 dr
1263 3219 1336 3273 non
1360 3208 1457 3269 totus

310 3300 467 3392 populus,
485 3294 543 3367 hic
558 3296 594 3367 in
607 3292 746 3370 scenam
760 3296 899 3388 prodit,
925 3295 1078 3390 utsupra
1093 3296 1265 3379 vidimus,
1281 3292 1315 3365 ἃ
1332 3290 1457 3367 funde·

312 3407 472 3468 mentum
494 3390 546 3464 est
560 3390 756 3478 lubricum,
781 3391 848 3465 acsr
864 3395 1013 3463 attollere
1026 3395 1130 3464 oculos
1145 3390 1188 3462 od
1204 3402 1325 3461 montes
1340 3385 1381 3457 sit
1398 3386 1457 3479 ju·

311 3490 490 3576 daeorum,
512 3489 548 3561 in
571 3488 761 3581 Babylonia
775 3488 898 3560 oculos
912 3486 1086 3559 Hierosol.
1104 3483 1223 3558 versus
1240 3485 1276 3556 in
1293 3485 1457 3577 precibus

313 3590 549 3672 vertentium,
575 3586 751 3658 necenim
767 3584 850 3655 illud
864 3582 1000 3677 Jndeis·
1010 3581 1207 3673 Babyloniis
1222 3598 1359 3657 tentum
1375 3606 1459 3659 con·

268 3761 271 3765 Α
311 3687 431 3855 gemit,
457 3703 525 3756 nec
546 3696 667 3755 orontes
688 3679 863 3755 Hierosol.
885 3680 943 3753 hic
956 3677 1222 3779 intelliguntur:
1249 3692 1289 3754 ut
1305 3700 1390 3757 mox
1408 3681 1460 3757 vi·

334 3782 483 3856 ebimus.
1240 3814 1243 3820 ·

362 3882 394 3968 o.
411 3876 507 3949 Vlis.
532 3873 627 3973 Quid
647 3873 791 3970 itaque?
821 3874 905 3951 mihi
929 3876 974 3950 nd
999 3896 1121 3950 oerum
1140 3874 1295 3970 personae
1313 3874 1460 3971 conspe·

314 3975 404 4050 dum
419 3975 457 4046 in
478 3972 548 4046 hoc
571 3977 731 4064 cantico,
752 3974 855 4064 ‘cujus
878 3973 1092 4049 choraneres
1108 3973 1208 4070 supra
1220 3974 1384 4075 exhibui,
1410 3986 1461 4044 at·

312 4072 495 4161 tendenti,
529 4070 594 4145 tria
625 4084 821 4148 occurrunt
833 4070 1019 4243 lffbjeaa’
1042 4095 1062 4149 n
1083 4074 1207 4171 quibus
1228 4072 1297 4154 ode
1325 4066 1461 4237 censehi

884 4189 968 4246 mu
1344 4176 1429 4259 pote
1504 4208 1505 4213 Ν
