3984 5159
529 518 602 613 ,sw
713 489 1531 583 commentantur

536 684 641 768 tuille
662 678 947 779 comprobatam,
972 678 1010 753 ia
1033 674 1183 753 mirabili
1196 675 1231 750 dr
1246 696 1342 753 nova
1354 680 1478 773 populi
1492 704 1513 755 a
1526 678 1698 765 servitute
1767 648 1782 659 ⁵

532 786 573 863 u
592 780 781 879 tyrannide
801 779 1037 865 liberatione,
1077 775 1307 872 Aegyptiace
1326 777 1422 851 lraud
1440 780 1531 856 male
1553 777 1698 872 respon

537 886 661 961 dente.
709 878 827 979 Quam
850 874 1062 969 hypothelin
1090 896 1122 945 a.
1147 880 1233 946 ratio
1247 877 1597 951 commemorationis
1613 878 1700 949 libe·
1807 882 1829 891 “·

491 989 495 1002 ’
538 979 686 1058 unionis
707 974 956 1073 Aegyptiace,
990 969 1227 1047 &eleilionis
1248 971 1382 1045 israelis
1406 972 1443 1047 in
1463 996 1611 1070 rognum
1625 972 1698 1048 Dei

539 1078 721 1165 findam,
746 1075 833 1149 olim
855 1068 956 1147 faite
977 1068 1071 1151 inter
1093 1068 1202 1143 multa
1223 1066 1318 1165 ligna
1339 1069 1375 1141 dt
1390 1070 1578 1160 miracula,
1604 1072 1698 1154 exhi-

536 1182 621 1256 bet:
645 1167 777 1268 quippe
796 1190 874 1264 quae
897 1169 967 1243 ulio
981 1166 1091 1261 scopo
1107 1165 1244 1241 censeri
1257 1166 1382 1262 nequit
1397 1166 1505 1257 satia,
1540 1188 1646 1262 quum
1660 1182 1700 1245 ut

534 1295 621 1351 eam
642 1268 913 1367 prerogativam
933 1264 1047 1341 adbuc
1065 1264 1211 1353 durare,
1236 1263 1383 1339 &finili
1400 1265 1510 1365 modo
1523 1264 1626 1343 fuiffe
1644 1288 1702 1341 re·

511 1444 516 1453 .
539 1380 733 1457 novatam,
758 1364 983 1441 indicaretur.
1033 1364 1064 1435 i.
1088 1358 1254 1437 Officium
1279 1364 1435 1436 tremendi
1454 1385 1576 1439 coram
1616 1363 1699 1439 eho·

461 1482 467 1487 ·
539 1484 608 1559 va,
627 1466 787 1541 roraein
800 1482 931 1561 genere
946 1459 1260 1553 imperatum,hoc
1273 1456 1352 1555 ipm
1363 1457 1469 1555 super
1643 1457 1702 1556 ‘eti

542 1565 802 1643 fundamento:
825 1582 911 1635 curn
924 1557 1011 1633 illud
1024 1577 1070 1630 ex
1083 1577 1127 1629 ea
1139 1555 1277 1631 Israelis
1290 1561 1524 1657 prerogativa
1536 1574 1699 1638 eruatur:

540 1684 623 1763 que
635 1680 698 1759 per
717 1656 938 1753 consequens
951 1651 1118 1749 superfit,
1143 1653 1283 1729 necelle
1300 1651 1362 1729 est.
1412 1678 1440 1731 r.
1465 1654 1625 1735 Eandem
1641 1658 1702 1733 de·

539 1750 1421 1933 trutannialntlmlmriht.
1433 1752 1701 1946 iratast

1160 1897 1179 1940 '2
1430 1901 1442 1940 i

540 1880 676 2044 neiis,
701 1955 745 2027 ab
770 1952 841 2025 hoc
865 1946 987 2025 nostro
1009 1946 1100 2023 male
1123 1944 1318 2037 divulsum,
1350 1948 1491 2043 dequo
1515 1947 1578 2025 sno
1592 1948 1699 2041 loco,

538 2053 638 2126 clere
661 2048 810 2149 evincit.
859 2068 894 2137 4.
921 2044 970 2121 Et
991 2043 1100 2131 illud,
1124 2040 1325 2138 postremo,
1349 2045 1392 2119 ad
1412 2044 1463 2119 Ps.
1478 2044 1702 2126 intelletium

542 2147 742 2225 notandum
770 2138 947 2238 superest,
973 2130 1128 2215 officium
1141 2140 1278 2217 timoris
1294 2155 1332 2217 et
1346 2145 1579 2234 reverentie,
1605 2142 1703 2239 quod

542 2258 654 2321 terrae
676 2242 733 2316 hic
752 2241 968 2339 injungitur,
1000 2237 1087 2313 ficut
1107 2250 1340 2333 opportunum,
1363 2240 1414 2317 ita
1430 2237 1546 2336 effetiu
1558 2264 1633 2322 non
1647 2264 1703 2319 ca·

543 2336 810 2428 meorumue,
843 2344 1005 2432 adeoque
1026 2348 1151 2432 tempus
1172 2334 1307 2434 adello,
1339 2344 1550 2433 quogenras
1567 2340 1638 2413 hoc
1650 2337 1703 2417 fa·
1822 2386 1828 2391 -

472 2514 477 2521 ,
540 2458 629 2519 cere
652 2438 828 2524 debeant,
852 2435 888 2509 dt
910 2434 1124 2528 inciperent.
1172 2434 1410 2528 Praeterquam
1423 2434 1520 2512 enirn
1533 2435 1632 2530 quod
1646 2432 1702 2513 ol·

544 2534 618 2614 ficii
631 2532 850 2625 admonitio,
865 2530 1040 2628 sapienter
1054 2527 1166 2621 faeta,
1187 2529 1232 2605 de
1247 2531 1515 2625 opportunitate
1530 2532 1702 2625 testetur,

541 2636 637 2713 ratio
658 2647 829 2718 mouens,
862 2652 883 2704 a
903 2628 1001 2723 rupis
1021 2626 1054 2700 dt
1074 2626 1176 2701 filicis
1196 2628 1395 2703 mutatione
1415 2630 1547 2722 petita,
1580 2632 1701 2723 pluteo

542 2732 623 2844 boc·
637 2724 757 2805 officio
779 2723 1008 2803 defundimus
1030 2718 1121 2815 elie,
1147 2724 1306 2817 evincit3
1330 2739 1373 2803 nt
1391 2746 1478 2803 mox
1499 2728 1626 2806 elarius
1641 2749 1704 2827 pa·

545 2830 710 3015 “will
738 2914 961 3012 Occasionem,
984 2931 1029 2993 ex
1051 2914 1128 2995 solo
1153 2940 1192 2995 ar
1277 2933 1364 2997 ento
1386 2921 1601 3016 eruendam,
1626 2920 1705 3021 sup·

537 3019 716 3118 ‘peditalle
744 3012 884 3095 videtur
910 3038 997 3093 noua
1016 3016 1174 3112 quaedam
1246 3017 1421 3192 limatis
1443 3022 1548 3117 plane
1567 3020 1704 3099 lemelia

546 3118 728 3195 redemtio
749 3138 770 3191 a
790 3106 963 3215 potestate
986 3130 1025 3190 at
1045 3110 1217 3191 servitute
1236 3116 1261 3191 h
1393 3117 1538 3213 ancujus
1559 3142 1607 3215 po
1631 3122 1703 3213 uli,

538 3220 638 3295 inter
662 3214 777 3293 multa
796 3213 969 3311 potentie
990 3226 1029 3289 at
1049 3212 1216 3289 bonitaus
1237 3212 1309 3289 Dei
1332 3235 1416 3313 erga
1428 3214 1595 3293 lsraelem
1609 3219 1703 3318 figna

537 3315 754 3395 mirabiliter
777 3304 890 3402 roua,
913 3332 991 3406 que
1012 3309 1103 3387 licut
1122 3310 1351 3409 Aegyptiace
1364 3312 1617 3405 redemtionis,
1642 3316 1704 3393 cui

545 3412 802 3511 respondebat,
834 3409 1045 3487 memoriam
1066 3430 1247 3485 renovare
1260 3425 1423 3506 poterut,
1448 3429 1487 3487 er
1500 3413 1545 3488 de
1564 3412 1703 3489 israelis

548 3512 802 3608 praerogativa,
835 3508 924 3585 olim
944 3506 1004 3604 ipli
1024 3505 1210 3597 concelsa,
1235 3530 1334 3585 nuuc
1350 3504 1576 3602 confirmata,
1601 3509 1704 3589 testa·

490 3608 495 3618 '
537 3606 673 3694 batur,
695 3609 743 3683 ita
761 3606 878 3685 ansam
890 3602 1065 3681 Gentibus
1078 3603 1253 3698 Jehovam
1266 3606 1455 3683 reverendi
1468 3628 1507 3684 et
1520 3607 1705 3686 metuendi

547 3706 711 3802 prebere
733 3722 896 3799 poterat,
921 3714 959 3779 et
981 3704 1169 3801 probitum
1190 3720 1266 3780 erat
1279 3696 1494 3799 aptiffimam.
1538 3706 1634 3808 Quae
1648 3708 1705 3783 lu·

546 3818 588 3878 ta
603 3822 723 3876 rerum
733 3804 902 3893 montio,
911 3815 949 3878 et
964 3800 1055 3876 felix
1067 3801 1238 3899 temporis
1251 3800 1433 3892 conditio,
1448 3804 1514 3899 piis
1529 3821 1567 3881 et
1581 3802 1705 3881 sandiis

545 3918 627 3977 non
642 3912 786 3997 poterat
801 3918 876 3977 non
888 3900 926 3979 in
939 3901 1152 3977 memoriam
1164 3918 1335 3975 revocare
1349 3900 1527 3995 antiquam
1540 3904 1636 3982 illam
1650 3923 1705 3977 re-

549 3998 796 4096 onumen,
845 3999 1006 4087 omnium
1037 3996 1263 4104 sequentium
1290 3998 1543 4084 medanum
1579 4001 1705 4080 funda
