3984 5159
461 497 465 509 ’
574 566 646 642 ,54
749 495 1568 614 comrr'rutreurus

576 731 715 828 quitur,
740 728 850 821 iisque
870 720 1116 799 severissimam
1137 718 1326 795 vindisiam
1350 718 1561 808 denunciat3
1594 706 1675 793 inde
1697 718 1739 795 in

576 824 803 905 acerbissimas
834 823 989 917 erumpit
1012 820 1173 917 querelas
1204 818 1248 890 de
1272 815 1399 891 affllsio
1425 815 1547 907 statu,
1573 816 1608 891 in
1630 838 1735 909 quem

471 967 480 977 ι
576 950 642 1025 per
666 920 988 999 calumniatores&
1010 918 1254 1013 persecutores
1273 931 1348 988 erat
1362 912 1543 1005 redac‘tus,
1568 920 1607 989 ut
1622 915 1735 987 incer·

575 1028 622 1099 tis
649 1023 787 1100 sedibus
819 1018 937 1114 vagari
964 1014 1103 1091 necesse
1132 1014 1305 1087 habuerit.
1367 1010 1534 1107 Denmue
1556 1013 1733 1088 rationem
1809 1084 1815 1091 ,

574 1121 719 1218 pandit,
744 1140 822 1210 quae
838 1116 1083 1190 oberrationes
1103 1111 1178 1184 illas
1194 1112 1269 1187 sues
1281 1108 1448 1205 peperit,
1474 1111 1569 1183 nulla
1584 1108 1642 1185 sua
1659 1108 1732 1183 cul-

453 1272 458 1277 ·
574 1242 641 1313 pa,
666 1213 918 1299 seddiuturnis
941 1213 1133 1305 impiorum
1147 1208 1394 1283 vexationibus
1410 1206 1454 1279 ad
1469 1208 1504 1280 id
1518 1207 1733 1303 compellen-

575 1317 680 1389 tibus.
729 1310 885 1395 Caetera',
907 1306 1018 1405 stylus
1039 1309 1125 1383 nihil
1146 1308 1253 1381 habet
1275 1303 1467 1401 snguine,
1494 1304 1556 1379 nist
1571 1303 1667 1401 quod
1682 1304 1738 1378 in·-

574 1409 781 1579 fignissrilrus
809 1404 951 1505 liguris,
986 1424 1028 1482 ut
1050 1405 1268 1495 luminibus,
1297 1398 1547 1494 fitdistinttus,
1575 1400 1732 1477 &valde

577 1530 634 1583 em
685 1523 809 1581 atreus.

625 1532 661 1696 ἕ
674 1604 736 1679 Vl.
762 1603 858 1679 Hinc
876 1596 1022 1698 anolyfis
1042 1597 1168 1693 sponte
1190 1596 1260 1672 sese
1275 1596 1397 1675 offert.
1447 1596 1529 1675 Post
1543 1598 1731 1697 prologum

577 1701 666 1778 vers.
686 1724 741 1791 1.,
765 1702 809 1774 de
833 1724 904 1797 quo
927 1720 1035 1787 mox,
1062 1696 1088 1770 l.
1102 1702 1209 1793 primo
1222 1712 1415 1772 occurrunt
1432 1716 1554 1790 preces
1568 1720 1635 1791 pto
1650 1699 1732 1771 libe·

575 1804 714 1877 ratione
731 1799 862 1872 alabiis
878 1794 968 1869 tusss
982 1796 1015 1869 dt
1029 1794 1146 1892 lingua
1159 1794 1299 1883 dolosa,
1326 1793 1417 1869 vers.
1434 1804 1487 1868 2.'
1519 1793 1563 1867 11.
1585 1794 1732 1869 Secundo

576 1922 655 1993 pars
684 1898 851 1973 continet
870 1892 1184 1967 denunciationem
1207 1889 1423 1966 severiffimae
1443 1889 1605 1965 vinditiae
1625 1890 1733 1966 hosti.

576 1998 641 2071 bus
667 1994 734 2066 illis
755 1989 975 2086 infligenda,
1006 1988 1095 2059 vers.
1114 2010 1147 2080 3.
1163 2010 1199 2077 4.
1251 1986 1312 2063 lIl.
1332 1987 1446 2062 Tertio
1467 2003 1566 2082 parte
1579 1991 1733 2083 querele

576 2104 771 2165 occurrunt
791 2087 836 2169 de
859 2083 1030 2178 presente
1052 2084 1303 2175 oberrttione,
1334 2085 1426 2159 vers.
1449 2106 1483 2177 5.
1535 2085 1598 2161 lV.
1624 2086 1732 2181 Cujus

577 2187 759 2272 rationes,
782 2175 981 2255 adiutuma
996 2180 1186 2256 vexatione
1202 2180 1392 2277 impiorum
1410 2185 1643 2279 repetendas,
1652 2208 1731 2280 pars

578 2296 699 2381 quareo
714 2280 856 2377 pflndit,
881 2278 973 2354 vers.
988 2280 1026 2370 6,
1046 2298 1081 2371 7.
1599 2284 1605 2289 ’

621 2385 653 2471 §.
669 2378 750 2455 Vll.
775 2377 878 2452 Cirta
897 2375 1055 2473 Tempus,
1076 2398 1148 2473 quo
1163 2380 1339 2457 cerneum
1353 2404 1373 2455 a
1386 2394 1494 2477 poeta
1508 2378 1639 2460 fesium
1656 2380 1730 2473 est,

572 2479 718 2567 dubium
740 2475 880 2571 aliquod
902 2475 1016 2549 oritur
1039 2496 1085 2549 ex
1106 2497 1195 2549 vero
1221 2472 1308 2551 vers.
1334 2500 1367 2554 r.
1390 2478 1608 2571 conspeetu,
1639 2502 1729 2559 num

572 2574 619 2651 sc.
643 2578 681 2650 in
703 2574 775 2669 ipse
799 2576 858 2647 illa
879 2574 1072 2651 vexatione
1096 2572 1332 2667 compositum
1345 2574 1405 2662 srt,
1429 2596 1473 2648 an
1487 2572 1667 2669 postquam
1683 2598 1726 2651 ee

528 2726 533 2735 .
571 2674 660 2759 esset
681 2688 836 2765 ereptus.
880 2668 1011 2744 Versus
1034 2670 1130 2747 enim
1151 2672 1303 2765 primus,
1336 2672 1397 2746 vel
1420 2670 1585 2769 summam
1606 2670 1725 2765 potest

571 2768 759 2841 continere
781 2767 892 2841 totius
914 2766 1073 2855 cantici,
1113 2772 1172 2843 vel
1199 2769 1469 2844 fundamentum
1491 2768 1726 2845 exauditionis

570 2882 732 2969 precum.
783 2860 887 2936 Prius
909 2861 935 2935 s1
959 2864 1139 2954 obtineat,
1166 2888 1288 2961 preces
1313 2865 1382 2960 seq.
1406 2866 1449 2941 ad
1464 2870 1540 2939 illas
1555 2865 1726 2963 angustias
1826 2874 1828 2879 '

571 2960 823 3058 pertinebunt,
850 2960 888 3033 in
903 2960 1029 3053 quibus
1044 2960 1128 3035 fusae
1144 2981 1266 3056 erant,
1287 2966 1321 3040 dt
1337 2987 1380 3038 ex
1398 2964 1523 3058 quibus
1538 2986 1633 3039 nunc
1647 2966 1723 3039 vin·

570 3060 706 3135 dicatus
722 3072 797 3131 eret
818 3070 935 3150 poeta.
988 3054 1156 3150 Posterius
1176 3061 1336 3137 stlocum
1350 3078 1491 3149 teneat,
1518 3061 1637 3135 versus
1651 3063 1724 3157 pri·

569 3180 648 3244 mus
668 3156 711 3229 ad
735 3153 935 3249 superiores
956 3152 1198 3247 &preteritas
1214 3156 1386 3327 anfiustias
1400 3156 1562 3253 respicit,
1588 3181 1633 3232 ex
1648 3158 1721 3252 qui·

569 3257 634 3332 bus
662 3270 805 3351 ereptus
824 3251 932 3340 olim,
965 3273 1064 3328 nunc
1085 3251 1231 3331 solidum
1283 3258 1409 3330 abebat
1430 3255 1724 3357 fundamentum,

474 3440 479 3448 ,
569 3354 628 3432 eui
641 3374 747 3431 nove
760 3372 887 3461 preces
901 3349 1006 3427 inniti
1020 3362 1209 3445 poterant,
1234 3352 1278 3426 de
1293 3374 1364 3446 quo
1378 3352 1443 3429 suo
1456 3355 1552 3430 loeo.

575 3607 1728 3749 ‘nuncersrst

615 3843 648 3931 ς.
668 3838 765 3916 Vlll.
790 3842 935 3921 Altioris
951 3844 1003 3921 est
1022 3844 1211 3947 indaginis,
1238 3850 1434 3933 &utilioris
1449 3854 1716 3973 disquisitionis,

433 3920 450 3939 “
569 3954 694 4023 verum
722 3938 772 4025 Ps.
788 3938 990 4035 subjeetum,
1019 3944 1078 4022 seu
1105 3946 1290 4043 personam,
1322 3952 1466 4045 ejusque
1483 3952 1628 4048 flatura,
1658 3978 1715 4030 cur

565 4036 642 4115 hee
664 4038 736 4155 ode
756 4042 946 4137 convenit,
977 4040 1193 4133 definivisse:
1220 4046 1313 4128 unde
1333 4049 1408 4145 ejus
1421 4050 1616 4129 intelledlus
1632 4074 1714 4163 cum
1787 4132 1790 4141 ,
1890 4118 1891 4135 r

603 4174 608 4180 .
697 4167 701 4175 ³
1608 4170 1729 4237 mann
1890 4164 1891 4205 l
