3984 5159
374 627 451 686 an
520 603 552 680 P
595 607 620 682 S
668 606 704 683 A
750 605 788 684 L
830 605 885 682 Μ
960 607 1320 695 extimae-12,
1362 643 1433 723 ¹⁴3

268 803 388 880 roibus
401 797 583 888 maximis,
607 813 668 876 aut
683 799 823 895 populo
836 798 938 874 alicui
953 801 1091 894 amieo,
1110 825 1156 881 er
1169 831 1226 906 gr.
1239 799 1431 903 Romano,

269 898 431 976 fiderent
489 895 802 1005 Quod‘monitum
823 895 985 990 praesenti
1007 907 1163 996 tempori
1183 925 1260 984 erat
1283 911 1425 986 adcom-

266 995 561 1086 modatiffimum,
593 1015 676 1069 cum
697 1008 848 1089 propter
867 994 1012 1069 heroica
1031 995 1317 1081 Maccabaeorum
1341 1007 1426 1088 faci·

266 1117 379 1185 nora,
404 1109 481 1171 trun
511 1107 658 1188 propter
685 1091 895 1178 amicitiam,
928 1090 963 1165 ἃ
984 1091 1099 1168 foedus
1124 1119 1206 1172 cum
1232 1100 1428 1192 Romanis,

266 1207 432 1288 tempore
455 1189 682 1262 Maccabaico
705 1190 859 1283 primum
879 1187 1019 1264 initum.
1069 1191 1111 1266 In
1133 1195 1311 1290 phrafibus
1337 1201 1430 1274 nihil

265 1291 427 1459 occtlrorruit
442 1283 600 1378 difficile,
625 1301 688 1362 aut
707 1283 927 1378 notandum,
952 1287 1051 1380 quod
1072 1312 1148 1366 non
1170 1290 1262 1392 sape
1278 1296 1359 1372 alias
1372 1295 1429 1372 est

268 1407 315 1463 ex
354 1401 490 1466 lcitum.

271 1527 289 1548 -.
316 1409 349 1575 ξ
376 1481 451 1557 XX.
489 1485 526 1570 β.
551 1481 770 1578 singularem
782 1477 889 1558 statua
905 1482 1163 1575 mutationem,
1191 1485 1254 1560 seu
1270 1487 1432 1566 hostium.

266 1580 307 1656 ie·
327 1578 595 1678 cingentium&
616 1580 837 1671 undiquaque
857 1578 1105 1656 invadentium
1126 1582 1428 1678 prostrationem,

263 1673 664 1763 narentanorum,
688 1695 791 1770 quam
817 1675 985 1752 modain
1007 1698 1140 1774 genere
1164 1701 1229 1774 pro
1254 1677 1428 1791 osuerat,

262 1777 370 1872 paulo
391 1773 570 1849 deduciius
591 1771 816 1872 representat
834 1773 922 1847 vers.
943 1793 1086 1868 roura
1127 1798 1159 1852 a.
1178 1799 1196 1849 r
1232 1778 1336 1870 petita
1361 1802 1423 1875 po·

263 1877 432 1970 pulorum
446 1871 667 1959 vicinorum,
691 1871 837 1968 ingente
857 1872 1151 1970 copia&magna
1163 1874 1216 1947 ira
1228 1874 1267 1948 in
1278 1875 1421 1972 Judaeor

262 1973 320 2047 vel
339 1967 554 2058 Chafidaeos,
573 1967 707 2040 iteratis
721 1969 857 2044 vicibus
873 1969 1104 2058 irruentium,
1121 1969 1183 2043 sed
1194 1970 1333 2066 semper
1346 1983 1418 2067 ope

188 2149 191 2155 ,
259 2069 330 2143 Dei
356 2065 599 2152 devidiorum,
625 2063 716 2138 vers.
736 2085 879 2140 ronta.
922 2065 1168 2164 Omnergeates
1185 2072 1428 2144 mecirrunrdes
1486 2149 1491 2155 ,

262 2161 570 2256 deruatiofliliter:
593 2166 631 2234 in
650 2166 775 2234 numine
797 2155 936 2259 Jebtvae
954 2157 1020 2251 eli,
1045 2166 1126 2258 guad
1142 2186 1197 2239 aar
1217 2168 1425 2242 trondem.

264 2261 571 2348 Circumdederunt,
595 2265 695 2332 etiam
707 2259 1004 2348 circumdederant,
1030 2283 1103 2332 me:
1123 2267 1160 2332 in
1177 2267 1303 2336 nornine
1320 2259 1421 2360 Jeho·

262 2379 326 2434 vae
341 2354 404 2450 est,
448 2359 505 2429 aad
520 2377 574 2428 ear
589 2357 790 2430 conciderint,
842 2354 1024 2428 cinxerunt
1041 2379 1091 2428 me
1106 2354 1210 2448 instar
1223 2373 1348 2452 apum,
1366 2384 1424 2432 at·

262 2455 363 2530 dendo
376 2381 649 2550 eastindesant,
661 2449 749 2545 fitur
767 2458 780 2524 i
802 2449 980 2548 respirat
1002 2458 1039 2524 ia
1052 2459 1178 2525 nonina
1193 2449 1332 2550 Jedauae
1345 2454 1423 2548 est,

260 2553 544 2652 quodcoaciderim
561 2557 621 2624 e'ar.
645 2551 678 2624 lr.
701 2571 733 2624 e.
795 2549 878 2623 icini
891 2549 1035 2644 populi,
1054 2550 1327 2645 circumquaque
1340 2575 1422 2628 om-

259 2648 497 2739 nes,'variis,
521 2644 712 2741 saepiusque
729 2665 766 2718 re
794 2648 913 2736 eritis,
943 2646 1103 2737 vicibus,
1128 2647 1273 2743 ingente
1288 2650 1422 2744 copia,

260 2747 296 2821 dt
320 2747 458 2842 magnis
472 2744 554 2830 iris,
577 2745 686 2818 inme
709 2743 733 2818 h
790 2742 881 2816 ‘liter
901 2741 1103 2832 irruerunt,
1130 2743 1255 2820 &telis
1270 2745 1338 2820 suis
1354 2769 1416 2840 pe·

263 2845 419 2928 derunt,
452 2839 548 2912 haud
568 2838 664 2914 secut
683 2862 728 2914 ac
749 2853 827 2936 oper
845 2840 1011 2928 irritata,
1037 2861 1113 2934 quar
1136 2842 1301 2917 examine
1320 2841 1421 2920 fatto

263 2957 322 3015 ma
347 2959 399 3011 no
425 2957 510 3012 curn
531 2933 670 3010 susurro.
687 2938 878 3025 involant,
909 2937 947 3012 dt
966 2939 1095 3010 aculeis
1142 2954 1302 3038 ungunt:
1332 2937 1419 3030 sed,

261 3033 481 3111 nerramro
495 3033 671 3110 invocato
685 3033 818 3122 iretur,
843 3035 886 3107 iis
898 3047 971 3108 tam
989 2960 1145 3110 mininie
1164 3051 1330 3130 tantaque
1343 3033 1415 3112 effi·

262 3133 360 3210 cacia
374 3129 500 3220 restiti,
517 3145 559 3203 ut
573 3151 634 3204 eos
651 3131 1005 3222 continuavicerim,
1017 3129 1246 3228 diffipaverim
1259 3133 1317 3207 vel
1331 3152 1417 3227 pro·

261 3229 469 3321 straverim,
489 3227 579 3302 adeo
603 3243 645 3303 ut
664 3226 768 3302 instar
790 3225 965 3321 spinarum
993 3229 1194 3306 ardentium
1212 3229 1348 3320 subito,
1377 3229 1418 3302 dt

262 3348 392 3426 arogno
412 3327 575 3424 fragore,
598 3323 634 3398 in
651 3323 791 3402 fumum
805 3325 957 3406 adierint
970 3327 1005 3399 ἀ
1021 3328 1238 3404 interierint..

202 3483 204 3490 ,
311 3431 343 3517 §.
370 3423 462 3496 XXl.
488 3422 659 3516 Pericopa
676 3424 746 3526 agit
775 3443 805 3496 r.
822 3421 866 3524 de
887 3420 1068 3523 hostilibua
1085 3422 1344 3514 invafionibus,
1368 3425 1417 3500 ad

259 3517 437 3620 populum
455 3517 531 3592 Dei·
549 3520 647 3593 omni
668 3519 778 3596 modo
794 3519 991 3594 radendum
1005 3513 1039 3593 ἃ
1055 3517 1249 3594 delendum
1267 3519 1423 3597 destina.

260 3623 315 3696 tis.
341 3617 426 3718 Quo
443 3639 527 3691 carn
538 3619 689 3691 verbum
707 3641 763 3691 aaa
783 3619 1090 3707 circumterminat
1106 3615 1326 3714 ssmileopum
1341 3641 1423 3700 ma»,

259 3715 388 3792 nifeste
408 3713 537 3793 tendit.
587 3712 748 3790 Verbum
769 3714 865 3788 enim
887 3711 973 3790 illud
993 3735 1067 3787 non
1092 3714 1312 3789 circumdandi
1333 3715 1411 3794 tim.

260 3816 423 3908 pliciter,
457 3809 574 3884 sed&
596 3809 769 3886 hostiliter
792 3811 947 3886 irruendi
969 3807 1178 3905 potestatem
1202 3811 1335 3903 habet,
1369 3838 1423 3909 ac

257 3912 296 3985 in
317 3909 434 4006 specie
457 3904 670 4003 transfigenda·
691 3931 734 3982 ac
754 3909 945 3982 vulnothus
964 3904 1194 3996 conficiendi,
1219 3912 1326 3985 etiam
1347 3913 1413 3988 lin·

257 4005 1058 4202 u,paterarumrma
1074 4006 1417 4205 ramae
