3984 5159
474 579 550 642 an
620 553 651 636 t
694 555 719 634 s
757 554 803 634 s
851 552 883 634 n
931 555 1007 643 tr„
1059 549 1289 641 carnae.
1403 501 1476 668 rs,

319 745 462 848 quidem
490 767 571 824 cum
602 744 871 840 superioribus,
909 743 969 838 sed
993 765 1059 836 ea,
1093 771 1163 840 qua
1183 750 1281 844 dixi,
1308 754 1470 841 ratione:

289 889 290 892 κ
318 849 459 942 quando
479 846 594 920 omnis
624 839 807 918 difficultas
831 841 1020 917 evanescit.
1085 842 1254 925 Ceterum
1272 850 1335 926 etfi
1353 856 1469 945 verbo

318 963 415 1042 praet.
434 957 677 1036 tempsutatur
692 955 822 1034 poeta,
848 954 908 1028 ut,
933 938 1017 1033 quid
1031 938 1130 1016 Deus
1143 958 1246 1018 antea
1260 945 1411 1039 fecerit,
1432 951 1469 1028 dt

316 1043 436 1118 facere
455 1038 585 1125 soleat,
602 1053 780 1132 exponat3
803 1037 913 1110 tacite
927 1051 1048 1111 tamen
1062 1037 1234 1130 insinuat,
1258 1041 1367 1117 imile
1383 1045 1467 1142 qnid

315 1138 352 1214 se
375 1139 411 1210 δι
432 1155 529 1208 nunc
552 1131 629 1206 fieri
649 1133 766 1224 vellet
795 1132 954 1226 adeoque
977 1134 1056 1214 illos
1069 1134 1224 1211 tumidos
1238 1141 1462 1236 transgresso·
1534 1173 1543 1194 ι

317 1257 375 1310 res
398 1235 435 1308 &
454 1251 549 1304 nunc
568 1230 618 1303 ita
640 1229 835 1305 tractandos
851 1227 944 1318 else3
969 1247 1011 1306 ut
1025 1231 1153 1326 exseq.
1170 1235 1293 1322 versu,
1319 1237 1380 1312 ubi
1393 1235 1467 1310 for.

315 1354 375 1406 ma
389 1329 551 1420 imperat.
564 1327 694 1415 utitur,
710 1323 842 1422 patet.)
863 1329 894 1399 l.
908 1326 1093 1425 Subiungit
1107 1329 1203 1405 enim
1212 1331 1384 1422 judicium
1395 1333 1470 1408 Del

317 1426 359 1500 in
385 1424 435 1497 sui
459 1421 620 1496 favorem
645 1422 903 1512 exercendum,
936 1421 1029 1497 vers.
1053 1444 1111 1498 22.
1140 1423 1242 1500 Voloe
1265 1427 1393 1526 desuper
1415 1453 1466 1503 me

317 1546 337 1598 ο,
355 1523 518 1618 probrium
540 1523 705 1608 lacerans,
732 1515 775 1602 s?
796 1523 1041 1609 contumeliam,
1065 1524 1141 1616 quia
1163 1520 1316 1616 instituta
1335 1543 1395 1599 tua
1411 1549 1466 1599 tat·

351 1620 418 1690 odio
428 1615 663 1713 (calumnias,
678 1615 801 1710 quibus
816 1616 969 1705 obruor,
985 1616 1220 1693 calamitatem
1235 1619 1440 1714 probrosam
1451 1670 1468 1711 ,.

344 1736 397 1789 uae
416 1713 502 1788 mihi
522 1712 690 1802 inminet,
722 1711 824 1786 auser
846 1731 960 1800 ame,
984 1713 1244 1808 neopprimar3
1269 1713 1343 1792 sum
1368 1719 1465 1792 enim

315 1810 560 1886 institutorum
581 1823 726 1883 tuorum
744 1807 913 1883 studiosus
935 1807 1164 1900 observator,
1189 1811 1349 1906 adeoque
1363 1836 1384 1886 a
1399 1816 1469 1886 cri.
1570 1835 1573 1843 Δ

312 1909 470 2002 ωἰηίδυε
485 1905 571 1980 mihi
593 1903 736 1998 inpaslis
757 1905 957 1994 innocens,
981 1927 1049 1979 nec
1072 1906 1216 1981 infamia
1235 1908 1380 2004 dignus,
1405 1907 1469 2005 sed

313 2002 461 2102 dignus,
494 2002 553 2096 qui
575 2016 650 2076 ate
674 2003 817 2075 liberer.
865 2003 972 2077 Hunc
995 2003 1091 2077 enim
1113 2002 1338 2098 conspectum
1358 2002 1471 2106 habet

315 2099 491 2196 posterius
510 2100 731 2190 membrum,
745 2119 826 2172 cum
841 2103 916 2192 quia
933 2099 1128 2194 incipiens:
1151 2102 1339 2176 nonenim
1357 2101 1466 2177 deno·

318 2212 401 2282 tat,¹
418 2195 532 2289 ipsum
555 2195 751 2287 opprobrio
770 2191 860 2282 esse,
884 2196 978 2288 quod
993 2199 1110 2292 legem
1124 2195 1195 2268 Dei
1214 2196 1400 2286 observet,
1425 2213 1467 2275 ut

321 2291 737 2384 nonnulliacceperunt,
775 2287 834 2364 sed
856 2293 1031 2364 rationem
1055 2291 1244 2381 continet,
1296 2315 1380 2366 uare
1403 2315 1471 2387 op·

232 2411 237 2414 ·
320 2388 505 2485 probrium
528 2389 573 2460 ab
589 2385 664 2480 ipso
678 2385 718 2460 srt
734 2385 984 2475 auferendum,
1010 2402 1051 2461 ut
1069 2386 1226 2482 exposui.
1273 2315 1471 2484 zemram,

320 2485 409 2562 licut
431 2481 588 2578 superius
608 2483 758 2578 verbum
780 2479 953 2578 increpasti
979 2499 1104 2559 votum
1129 2505 1290 2577 quoque,
1315 2499 1356 2558 ut
1375 2485 1468 2574 dixi,

319 2581 498 2668 involvit,
521 2581 568 2652 ita
585 2577 700 2654 forma
712 2579 864 2671 inperat.
881 2583 1001 2651 evolve
1019 2581 1124 2654 etiam
1143 2580 1359 2674 praeteritum
1377 2585 1474 2656 auol-

323 2675 425 2769 uz'slt',
450 2677 510 2750 seu
530 2679 700 2750 avolvere
723 2675 811 2748 soles
834 2698 854 2748 a
876 2673 964 2768 piis,
997 2691 1037 2748 ut
1060 2676 1125 2765 lit,
1151 2676 1237 2750 licut
1257 2677 1376 2775 elegis
1397 2675 1468 2752 stu·

325 2772 426 2848 dietis
454 2771 594 2844 anferre
615 2771 701 2846 soles
722 2770 988 2867 ignominiosa-m
1017 2771 1287 2862 traditionem,
1324 2795 1471 2852 mecum

327 2867 435 2943 etiam
450 2867 519 2939 huc
537 2889 647 2961 usque
661 2868 779 2966 egisti,
804 2870 853 2941 ita
868 2891 953 2968 alme
965 2882 1061 2963 porro
1079 2872 1218 2959 avolue,
1243 2871 1312 2946 dcc.

375 2969 407 3054 §.
424 2963 537 3037 XVll.
601 2995 636 3061 y.
668 2962 911 3062 lgnominiosae
937 2965 1139 3040 calamitatis
1161 2967 1224 3042 libi
1244 2967 1473 3055 inminentis,

324 3060 667 3154 cujusme'minerat,
706 3063 849 3154 ejusque
871 3078 1055 3152 autorum,
1091 3064 1276 3138 clariorem
1297 3063 1479 3160 subjungit

238 3221 244 3232 .
325 3158 516 3245 notitiam,
556 3158 700 3248 addita,
739 3175 779 3231 ut
807 3155 945 3253 semper
971 3159 1076 3244 facit,
1123 3160 1190 3235 snae
1211 3158 1417 3246 adfestionis
1437 3159 1477 3234 dt

326 3251 554 3340 aenomaus,
578 3255 690 3326 relate
711 3253 752 3326 ad
771 3254 884 3349 legem
900 3253 988 3344 Dei,
1014 3253 1281 3347 testificatione,
1306 3253 1395 3329 vers.
1412 3277 1479 3351 23,

326 3372 385 3439 24.
412 3347 528 3422 Etiam
551 3347 690 3441 infident
731 3355 868 3443 rincipes
887 3355 988 3439 mihi,
1014 3349 1477 3446 construuntsecuminuitem

326 3447 434 3534 dolos,
453 3445 573 3535 seruus
595 3461 671 3517 tuus
684 3364 856 3540 AEatiotur
870 3443 1054 3538 infimatis
1071 3454 1164 3536 tuis,·
1184 3455 1283 3522 etiam
1296 3443 1478 3541 instruitis-
1577 3477 1582 3484 ·

278 3551 281 3556 '
330 3541 388 3616 nes
402 3553 476 3612 tuae
495 3541 717 3616 ostentamenta
731 3567 800 3614 meo
817 3541 993 3629 sunt,vt'ri
1013 3541 1137 3637 confisis·
1150 3550 1222 3617 mei.
1234 3543 1359 3638 (Dum
1373 3545 1482 3624 dolos

330 3637 418 3712 mihi
441 3635 581 3709 struunt
602 3639 778 3732 principes
800 3637 1040 3729 insidiatores,
1072 3641 1195 3735 quibus
1218 3661 1275 3714 me
1291 3641 1480 3733 irretiant,

334 3735 645 3807 &contumeliose
669 3734 838 3824 tradent3
864 3757 932 3832 ego.
953 3735 1194 3813 astatutorum
1210 3737 1353 3812 tuorum
1369 3743 1484 3815 medi·

334 3830 469 3902 tatione
492 3851 567 3904 non
591 3831 753 3919 discedo,
780 3835 814 3906 ἀ
837 3855 856 3906 a
876 3835 944 3906 tuis
956 3831 1240 3909 instructionibus
1253 3832 1340 3911 srcut
1353 3837 1485 3932 volup·

335 3935 445 4000 tatem
467 3947 596 4020 carpo,
635 3929 683 4001 ita
705 3929 885 4004 confilium
907 3930 952 4001 de
972 3929 1082 4004 salute
1101 3953 1181 4006 mea
1203 3934 1321 4025 capio.
1379 3931 1484 4007 Nihil

337 4021 395 4096 bic
418 4020 679 4102 observandum
698 4025 837 4118 habeo,
860 4025 926 4105 nili
945 4027 1043 4122 prius
1063 4027 1153 4106 vers
1177 4035 1266 4127 t3u'i
1281 4029 1487 4138 membrum
1544 4132 1547 4139 ⁴

1410 4147 1491 4205 ROB
