3984 5159
662 605 734 684 752
831 570 1643 674 commearaarus
1778 501 1781 509 ¹

667 765 896 863 plmbeticum
918 760 1142 852 faciendum,
1172 761 1372 858 precarium
1394 761 1472 852 est,
1507 787 1590 840 cum
1610 761 1657 836 Pl.
1676 781 1733 836 xrs.
1746 759 1774 832 id

669 889 745 942 non
758 865 1007 938 fecerintznec
1021 861 1144 935 eadem
1156 855 1237 936 sunt
1250 866 1378 949 verba,
1394 883 1480 937 nam
1501 887 1572 955 pro
1589 869 1650 934 viis
1661 857 1775 946 verto.

668 965 728 1038 hic
750 965 883 1038 habent
903 965 1023 1037 uubis.
1073 981 1108 1049 4.
1131 959 1251 1033 Simile
1271 958 1354 1052 quid
1374 959 1432 1032 hic
1457 960 1564 1033 reste
1589 958 1703 1032 admitti
1720 975 1777 1028 tou·

668 1060 786 1137 firmat
808 1061 1049 1153 aliquatenus,
1079 1055 1175 1148 quod
1197 1053 1248 1129 Ps.
1269 1077 1390 1130 catur.
1414 1076 1466 1148 7.·
1489 1059 1557 1131 ubi
1578 1056 1681 1130 srmil'u
1696 1049 1778 1124 estre·

669 1157 809 1244 eculin,
834 1155 1086 1248 praemittatur,
1107 1151 1216 1226 Deum
1230 1149 1426 1246 fidelitatem
1438 1152 1646 1248 servarein
1664 1165 1780 1236 mansu

671 1253 769 1354 Quid
789 1272 877 1324 vero
898 1246 1057 1322 defectus
1073 1251 1262 1342 praebuerit
1274 1249 1536 1340 occallonem,
1552 1248 1722 1324 difficulter
1732 1264 1785 1337 pu·

669 1352 775 1429 ditur.
825 1345 961 1422 Oculus
975 1343 1073 1420 forte
1088 1347 1218 1422 librarii
1231 1346 1424 1422 festinantis
1437 1370 1458 1420 a
1472 1347 1575 1421 vers.
1598 1369 1652 1440 13.
1673 1343 1785 1418 selevrr·

670 1447 717 1522 tit
738 1443 782 1519 ad
806 1443 896 1519 vers.
923 1466 980 1536 14„
1005 1463 1099 1518 voce
1118 1471 1186 1544 pro
1206 1446 1321 1520 minus
1341 1463 1510 1520 accurare
1528 1444 1679 1538 scripta,
1698 1440 1786 1514 &suu

667 1571 733 1648 porr
756 1540 915 1616 confusa.
967 1541 1071 1615 Unde
1096 1543 1198 1618 multi
1226 1542 1447 1636 librariorum
1473 1563 1627 1616 errores
1648 1529 1784 1615 sunruadr

670 1642 723 1717 uti
742 1638 891 1715 constat.
938 1636 1118 1736 Quicquid
1135 1635 1196 1726 lit,
1212 1638 1332 1712 versus
1349 1643 1419 1712 huc
1441 1639 1549 1713 recle
1569 1638 1722 1733 quadrat,
1740 1648 1784 1721 qud
1824 1681 1826 1704 r

670 1735 839 1812 confellio
860 1738 1053 1810 veracitatis
1074 1733 1108 1806 dr
1130 1734 1355 1830 benignitatis
1376 1735 1446 1807 Dei
1463 1734 1696 1830 praemittitur
1714 1721 1782 1819 spui·

669 1837 822 1912 minibus
842 1852 925 1907 mor
946 1828 1190 1923 proferendis,
1217 1854 1295 1923 quae
1318 1833 1361 1906 de
1385 1849 1544 1926 utraque
1561 1839 1687 1912 virtum
1700 1819 1784 1896 tellar-

670 1948 747 2022 tur;
774 1930 883 2006 modo
903 1931 1067 2000 voratas
1088 1926 1124 1999 dr
1146 1925 1326 2022 constantia
1347 1930 1384 2003 in
1404 1928 1507 2003 distis
1528 1930 1565 2002 dr
1580 1918 1780 2024 promlllislrte

669 2029 844 2115 sumatur,
865 2026 898 2098 dr
918 2025 961 2098 ad
976 2039 1143 2098 creaturus
1160 2025 1196 2098 in
1211 2047 1340 2123 genere
1356 2026 1564 2118 referatur,
1591 2023 1709 2119 quibus
1721 2015 1782 2086 Ded

670 2128 830 2199 bmedixit
843 2125 880 2194 in
893 2122 1021 2208 initio,
1048 2121 1260 2216 &deinceps
1277 2119 1355 2214 poli
1368 2125 1563 2215 diluuium,
1587 2119 1778 2196 foederetur

670 2219 771 2292 omni
783 2236 896 2327 'carne
919 2214 1060 2305 cresto,
1083 2241 1155 2312 quo
1173 2220 1327 2313 promisit
1342 2221 1656 2316 longanimitatem
1670 2214 1701 2286 dr
1714 2211 1775 2314 but·

670 2311 849 2406 licentram
870 2311 964 2387 Gen.
983 2333 1032 2388 rr.
1054 2315 1097 2388 ad
1118 2315 1213 2410 quod
1238 2315 1462 2408 promillum,
1499 2306 1704 2412 tanquamfi
1767 2328 1774 2343 ·

669 2434 789 2508 mum,
814 2411 919 2486 etiam
941 2431 1157 2504 provocatur
1179 2411 1247 2505 Jes.
1269 2433 1327 2486 rvr
1348 2434 1404 2505 9.,
1436 2414 1470 2487 dr
1499 2415 1564 2488 hic
1589 2408 1704 2504 respici
1717 2395 1777 2470 vile

670 2526 761 2610 tur,
780 2529 862 2586 cum
882 2529 966 2595 mor
985 2508 1156 2608 generalis
1174 2510 1406 2605 providentia
1427 2507 1627 2606 specimina
1647 2498 1776 2602 prolerdr

669 2623 741 2685 tur.
803 2647 806 2654 ·
1361 2661 1366 2670 .

683 2753 690 2763 ·
718 2711 752 2798 ς.
765 2706 862 2783 XVl.
883 2729 932 2781 a.
948 2704 1110 2800 Duplicis
1124 2705 1204 2782 sunt
1217 2707 1355 2806 generis
1371 2706 1588 2802 specimina,
1608 2695 1768 2798 quoium*

670 2803 786 2890 dium,
821 2825 882 2877 ext
899 2825 974 2909 gn,
1006 2805 1272 2897 producuntur,
1311 2827 1462 2900 quorum
1481 2811 1632 2880 alanum
1654 2793 1700 2902 ad·
1749 2799 1774 2850 l>

670 2921 749 2972 rum
774 2898 808 2970 dr
837 2901 1045 2975 morborum
1073 2903 1354 2996 reparationem,
1374 2907 1516 2976 alterurn
1541 2893 1773 2976 adelrammo

671 3006 910 3094 creaturarum
939 2994 1079 3087 spectat.
1155 2995 1259 3070 Prius
1292 3000 1344 3072 lri's
1375 3002 1491 3072 verbis
1524 2976 1772 3088 comprehensu

670 3092 742 3183 est,
769 3093 858 3166 veri.
884 3111 939 3181 14.
964 3087 1077 3163 Fulcit
1091 3089 1342 3190 Jelooaomnes
1357 3095 1537 3191 lapsantes,
1566 3092 1611 3178 δ’
1630 3087 1771 3182 mmellli·

670 3207 765 3264 voror
778 3194 896 3285 erigit.
907 3190 941 3262 b.
957 3208 989 3262 e.
1015 3185 1230 3287 Quicunque
1243 3193 1339 3267 malis
1354 3209 1415 3278 aut
1429 3193 1616 3286 perieulis,
1626 3189 1660 3259 io
1673 3185 1771 3274 quau·

670 3288 854 3388 ciderunt,
879 3286 1199 3380 cujuscunquefint
1214 3291 1374 3384 generis,
1387 3289 1609 3383 eripiuntur,
1623 3281 1667 3356 illi
1681 3277 1769 3348 vena·

669 3388 736 3461 tati
767 3385 802 3457 dr
832 3381 1078 3460 beneficentia
1107 3383 1178 3457 Dei
1204 3383 1289 3457 illud
1318 3401 1505 3478 acceptum
1532 3386 1628 3460 ferre
1655 3372 1769 3476 debtssii

672 3481 772 3556 Deus
801 3479 852 3552 cll
877 3501 984 3565 verax
1006 3481 1040 3554 dt
1062 3484 1197 3566 bonus,
1220 3483 1278 3574 qui
1298 3479 1634 3558 miseruuadfiittis
1649 3461 1767 3547 οωῐῑῑῧῑις

669 3577 864 3668 succurrit,
890 3578 926 3652 dr
940 3579 1123 3668 medetur,
1149 3595 1327 3674 quotquot
1339 3583 1382 3655 ab
1398 3580 1465 3653 illis
1480 3581 1678 3654 liberantur.
1734 3569 1769 3624 ll·

670 3672 726 3746 sus
754 3676 850 3750 enirn
870 3690 945 3749 non
965 3675 1040 3764 est,
1078 3697 1202 3751 omnes
1222 3677 1337 3770 juvari
1360 3679 1394 3752 dr
1417 3678 1544 3761 sanari,
1578 3671 1634 3749 sed
1652 3662 1766 3751 omnes?

669 3767 753 3843 Deo
766 3771 928 3860 accipere
949 3795 1057 3866 opem
1073 3773 1111 3847 dr
1127 3774 1371 3849 liberationem
1382 3777 1464 3869 ,qui
1478 3775 1576 3848 malis
1593 3768 1654 3844 suis
1667 3763 1696 3835 dc
1708 3760 1768 3844 perl-

669 3865 756 3973 eulis
774 3864 1023 3957 expediuntur.
1042 3869 1153 3970 Quod
1167 3871 1211 3942 ab
1223 3870 1296 3942 aliis
1307 3873 1377 3962 jam
1392 3869 1445 3944 est
1458 3849 1762 3964 observatumdlil

666 3965 739 4062 il)sa
760 3962 908 4055 re<illicit
924 3995 955 4041 a.
1004 3969 1170 4043 Membra
1191 3967 1311 4043 versus
1334 3967 1514 4068 elegantiae
1530 3965 1626 4042 caula
1638 3949 1760 4112 dlulclolg¹

714 4197 737 4244 o
757 4175 832 4284 illd
856 4127 1035 4264 Hackspan.
1054 4179 1095 4245 de
1111 4178 1310 4267 locutionibus
1314 4175 1414 4268 sacris
1428 4179 1510 4266 disp.
1528 4172 1579 4244 rr.
1630 4151 1638 4164 ¹
