3984 5159
371 529 377 536 ·
479 529 550 607 aar
651 474 1477 630 enumerarentur

486 689 573 769 Vox
586 693 696 774 Hebe.
724 703 787 783 aab
796 712 966 798 propterea
984 695 1129 776 subinde
1142 693 1194 772 est
1206 706 1376 791 propterea
1388 689 1642 784 quoduticon·

486 788 564 866 stat.
616 723 747 871 Pht-ads
771 804 907 871 mittem.
919 800 1086 894 maurusia
1098 787 1349 903 pcranfitatem
1364 789 1467 902 dicit,
1492 793 1567 862 e'am
1581 811 1641 898 ap·

491 891 733 981 prehendere,
757 895 818 968 libi
832 908 872 969 ut
887 914 963 967 rem
978 893 1022 966 ad
1039 889 1072 965 se
1090 904 1328 984 pertinentem
1343 887 1542 975 vindicare,
1565 905 1641 978 ejus

489 989 729 1078 patrocinium
752 989 949 1084 suscipere,
974 989 1070 1083 quod
1089 1009 1162 1060 non
1181 981 1405 1058 ert-difficile.
1453 982 1522 1056 Sed
1540 981 1643 1074 phra-

466 1080 532 1154 *lls
558 1086 635 1177 plus
658 1089 696 1159 iu
719 1085 854 1160 recellu
874 1088 1002 1175 habet,
1029 1082 1302 1159 &contrarium
1325 1078 1502 1166 involvit,
1518 1079 1573 1154 lc.
1590 1077 1644 1168 Ju-

491 1175 584 1268 stos,
608 1196 755 1270 contra,
781 1184 880 1258 omni
903 1203 973 1277 ope
995 1203 1072 1255 eam
1098 1177 1167 1252 effe
1185 1193 1449 1274 oppugnaturos
1464 1175 1500 1250 dr
1514 1171 1644 1248 destru-

493 1273 627 1351 euros:
655 1299 728 1371 quo
750 1278 838 1352 nihil
860 1277 912 1352 est
933 1279 1118 1376 vulgatius.
1175 1273 1347 1350 Ceterum
1364 1295 1447 1348 cum
1464 1285 1571 1365 poeta
1586 1269 1646 1345 ad·

491 1367 597 1461 serit,
625 1371 730 1468 justas
755 1373 790 1447 id
811 1399 884 1451 non
902 1374 972 1450 effe
997 1373 1230 1469 praestituros,
1264 1368 1322 1443 sed
1347 1369 1583 1458 contrarium,
1606 1368 1647 1443 in

396 1505 403 1511 -
490 1464 652 1565 juliorum
671 1471 776 1545 titulo
800 1474 835 1548 dr
856 1473 1021 1568 qualitate
1042 1470 1077 1543 se
1090 1469 1236 1557 fundat,
1262 1467 1315 1556 dc,
1331 1469 1400 1543 tale
1419 1467 1502 1562 quid
1516 1461 1646 1560 ajuflit

496 1563 567 1638 else
579 1562 777 1660 sperandum
799 1570 835 1644 dt
849 1567 1111 1664 exspectandum,
1137 1567 1285 1640 indicat:
1311 1587 1392 1640 cum
1407 1563 1492 1640 nihil
1507 1561 1548 1636 lit
1562 1585 1582 1638 a
1592 1564 1647 1655 ju·

477 1659 555 1735 .stis
577 1663 742 1752 alienius,
774 1687 878 1759 quarn
899 1682 939 1740 ut
954 1661 1169 1760 peruerfitati
1185 1663 1419 1756 patrocinium
1436 1661 1645 1754 praeberent.

498 1757 609 1833 Simul
631 1781 692 1835 eos
715 1761 903 1851 admonet,
935 1777 977 1835 ut
997 1759 1124 1835 statum
1145 1758 1179 1832 dr
1203 1759 1346 1834 titulum
1363 1756 1543 1854 justorum,
1576 1778 1649 1851 quo

522 1855 717 1943 audebunt,
742 1861 854 1952 probe
880 1873 1066 1947 tueantur,
1099 1856 1227 1951 quippe
1249 1852 1320 1928 fine
1343 1877 1413 1947 quo
1434 1876 1501 1930 uec
1509 1853 1651 1949 fidenter

499 1876 651 2052 §adauae
675 1952 768 2041 elle,
800 1953 1036 2049 appellative,
1066 1971 1206 2049 queant.
1248 1951 1330 2026 Hoc
1353 1951 1426 2040 est,
1452 1951 1549 2044 quod
1566 1973 1653 2046 poe·

500 2067 537 2124 ta
549 2049 607 2122 hic
615 2046 830 2140 solidamenta·
843 2051 925 2125 loeo
941 2049 1088 2140 sternit,
1112 2051 1198 2124 licet
1212 2071 1286 2124 non
1301 2045 1459 2143 exprell‘e
1474 2047 1586 2137 dicat,
1611 2064 1653 2128 ut

502 2167 549 2220 ex
570 2165 665 2219 nexu
685 2152 796 2240 patet.
846 2144 943 2260 Justi
964 2168 1004 2220 er
1027 2170 1050 2220 ο
1071 2147 1105 2218 dr
1120 2143 1260 2236 fidenter
1279 2145 1384 2219 iidem
1403 2144 1505 2235 sunt,
1520 2145 1652 2240 ¹illique

502 2239 773 2337 intelliguntur,
796 2265 858 2338 qur
868 2248 988 2341 pietati
1058 2243 1191 2320 dentet
1205 2242 1348 2332 virtuti3
1373 2243 1491 2334 quales
1505 2240 1654 2326 fuerunt
1787 2304 1792 2312 .

503 2334 724 2432 Maccabei,
751 2338 983 2433 Cbassdoeorun
1003 2341 1109 2420 titulo
1130 2341 1230 2432 noti,
1262 2361 1349 2434 quos
1366 2339 1424 2416 hic
1440 2339 1557 2434 primo
1570 2341 1628 2420 loc

506 2436 545 2510 in
558 2435 670 2510 oculis
683 2435 782 2512 forte
796 2438 931 2516 habuit.
976 2527 980 2532 ,
1597 2477 1639 2522 v2·
1764 2533 1766 2538 ¹

557 2535 591 2623 §.
607 2532 703 2608 XlV.
731 2537 824 2612 Hinc
849 2538 988 2614 derivat
1009 2547 1145 2634 poeta,
1176 2534 1335 2634 sceptrum
1358 2541 1537 2636 impietatis
1561 2539 1658 2616 inter

493 2649 572 2703 ,eos
593 2632 752 2708 dominari
775 2657 849 2712 non
871 2635 988 2732 polse3
1014 2636 1048 2710 h.
1075 2659 1108 2713 e.
1130 2637 1348 2730 impietatem
1367 2654 1443 2712 non
1466 2635 1535 2711 elle
1552 2636 1655 2714 inun-
1700 2645 1704 2652 ’

495 2725 670 2809 ,daturam
690 2746 844 2820 terram,
867 2755 936 2807 nec
957 2734 1126 2809 thronum
1150 2734 1198 2808 ibi
1220 2733 1427 2810 habituram.
1486 2732 1658 2828 sceptrum

495 2826 839 2916 impoenitentiam
860 2852 895 2901 re
937 2828 1055 2925 tescit,
1092 2851 1175 2905 cum
1198 2829 1395 2908 dominium
1417 2841 1580 2918 exercet,
1623 2829 1661 2906 dc

496 2916 697 2994 ‘dominans
719 2921 880 3017 impietas
894 2853 1011 3002 gaen
1028 2940 1130 3004 tenet
1143 2924 1290 3005 firmam.
1339 2925 1461 3016 Novi,
1484 2927 1661 3021 Interpre-

414 3061 459 3093 ,κ
495 3029 570 3090 tes
595 3033 773 3113 tyrannum
786 3022 939 3116 aliquem
955 3023 1122 3117 impium,
1142 3027 1179 3111 in
1194 3039 1287 3102 terra
1300 3023 1529 3122 gmllantem‚
1545 3022 1663 3118 paffim

514 3113 740 3214 intelligere:
777 3115 837 3190 sed
859 3139 940 3195 cum
967 3119 1076 3215 phrafi
1098 3119 1215 3196 nostra
1237 3121 1483 3216 interpretatio
1504 3119 1556 3196 est
1578 3141 1666 3196 con·

429 3253 434 3261 ·
513 3210 690 3303 iunctior,
714 3214 747 3287 dr
769 3213 840 3309 seq.
856 3218 1055 3293 membrum
1068 3218 1212 3294 alteram
1225 3219 1434 3312 opinionem
1446 3219 1594 3304 omnino
1612 3239 1667 3292 re·

519 3305 632 3401 futat3
658 3333 741 3388 cum
756 3309 893 3388 sensum
907 3311 1128 3390 tolerabilem
1143 3331 1220 3390 tum
1235 3337 1310 3390 non
1324 3317 1503 3405 admittat,
1520 3317 1666 3410 dequo

520 3405 672 3482 instituti
695 3412 787 3486 ratio
809 3424 907 3485 votat
952 3412 1029 3488 lura
1048 3409 1189 3488 addere.
1213 3453 1215 3460 =
1246 3409 1370 3489 Nerua
1392 3413 1486 3488 inter
1506 3413 1666 3502 membra

520 3522 564 3612 ex
584 3505 703 3582 nostra
725 3433 1047 3605 opinionelssonte
1068 3509 1206 3598 elucet;
1233 3509 1341 3586 modo
1357 3524 1526 3597 notetur,
1542 3509 1667 3606 sortem

518 3597 679 3707 justorum
695 3605 765 3680 else
782 3621 931 3695 terram,
957 3627 1066 3701 quam
1079 3620 1204 3684 tenent
1215 3605 1315 3699 justi,
1340 3608 1376 3684 in
1392 3631 1458 3704 qua
1471 3614 1593 3704 primas
1607 3609 1671 3694 ob·

386 3741 409 3754 -
523 3709 649 3768 trnent.
700 3699 804 3791 Justis
825 3725 912 3798 ergo
928 3704 1026 3778 omni
1048 3723 1118 3794 ope
1140 3705 1355 3795 nitentibus,
1381 3725 1426 3780 ne
1449 3712 1598 3802 impietas
1620 3706 1673 3782 lo·

525 3809 608 3862 cum
629 3792 722 3867 inter
745 3798 779 3870 se
801 3801 983 3887 obtineat,
1017 3794 1094 3870 fieri
1115 3821 1190 3874 non
1208 3801 1342 3891 potest,
1371 3817 1412 3878 ut
1431 3803 1467 3876 id
1487 3801 1672 3880 efficiatur.

508 3884 568 3964 .1n
592 3887 704 3960 oculis
725 3890 796 3968 fuit
818 3895 895 3968 viro
918 3893 999 3987 pio,
1034 3892 1090 3980 id,
1128 3895 1222 3990 quod
1244 3896 1287 3970 de
1307 3897 1502 3973 Maccabeis
1523 3899 1674 3995 legitur,

527 4001 590 4059 eos
607 3987 719 4079 impius
732 3989 1007 4083 quaquaversum
1022 4007 1146 4070 eterra
1154 3993 1343 4072 eliminaffe
1352 4011 1414 4090 ,ut
1423 3995 1673 4109 libriMaclcab·

509 4143 515 4158 ,
1579 4109 1677 4168 enar·
