<?xml version="1.0" encoding="UTF-8"?>
<!DOCTYPE html PUBLIC "-//W3C//DTD XHTML 1.0 Transitional//EN"
    "http://www.w3.org/TR/xhtml1/DTD/xhtml1-transitional.dtd">
<html xmlns="http://www.w3.org/1999/xhtml" xml:lang="en" lang="en">
 <head>
  <title>
</title>
<meta http-equiv="Content-Type" content="text/html;charset=utf-8" />
  <meta name='ocr-system' content='tesseract 3.04.00' />
  <meta name='ocr-capabilities' content='ocr_page ocr_carea ocr_par ocr_line ocrx_word'/>
</head>
<body>
  <div class='ocr_page' id='page_1' title='image "./hermannivenemac03venegoog_0552.png"; bbox 0 0 3984 5159; ppageno 0'>
   <div class='ocr_carea' id='block_1_1' title="bbox 359 581 1401 700">
    <p class='ocr_par' dir='ltr' id='par_1_1' title="bbox 359 581 1401 700">
     <span class='ocr_line' id='line_1_1' title="bbox 359 581 1401 700; baseline -0.002 -30"><span class='ocrx_word' id='word_1_1' title='bbox 359 611 434 671; x_wconf 71' lang='lat' dir='ltr'><strong>ro</strong></span> <span class='ocrx_word' id='word_1_2' title='bbox 511 587 541 666; x_wconf 85' lang='lat' dir='ltr'><strong>r</strong></span> <span class='ocrx_word' id='word_1_3' title='bbox 584 584 610 666; x_wconf 91' lang='lat' dir='ltr'><strong>s</strong></span> <span class='ocrx_word' id='word_1_4' title='bbox 658 583 696 664; x_wconf 80' lang='lat' dir='ltr'><strong><em>a</em></strong></span> <span class='ocrx_word' id='word_1_5' title='bbox 742 581 776 660; x_wconf 77' lang='lat' dir='ltr'><strong>a</strong></span> <span class='ocrx_word' id='word_1_6' title='bbox 823 581 881 660; x_wconf 88' lang='lat' dir='ltr'><strong>n.</strong></span> <span class='ocrx_word' id='word_1_7' title='bbox 952 581 1177 680; x_wconf 74' lang='lat' dir='ltr'><strong>cxxxviii:</strong></span> <span class='ocrx_word' id='word_1_8' title='bbox 1195 607 1230 686; x_wconf 84' lang='lat'><strong>2,</strong></span> <span class='ocrx_word' id='word_1_9' title='bbox 1246 615 1279 690; x_wconf 76' lang='lat'><strong>3.</strong></span> <span class='ocrx_word' id='word_1_10' title='bbox 1330 612 1401 700; x_wconf 77' lang='lat'><strong>543</strong></span> 
     </span>
    </p>
   </div>
   <div class='ocr_carea' id='block_1_2' title="bbox 238 761 1406 1267">
    <p class='ocr_par' dir='ltr' id='par_1_2' title="bbox 238 761 1406 1267">
     <span class='ocr_line' id='line_1_2' title="bbox 238 761 1405 886; baseline -0.009 -26"><span class='ocrx_word' id='word_1_11' title='bbox 238 784 405 886; x_wconf 76' lang='lat' dir='ltr'><strong>pentima</strong></span> <span class='ocrx_word' id='word_1_12' title='bbox 415 774 610 882; x_wconf 74' lang='lat' dir='ltr'><strong>smarrito</strong></span> <span class='ocrx_word' id='word_1_13' title='bbox 633 789 708 851; x_wconf 78' lang='lat' dir='ltr'><strong>tuae</strong></span> <span class='ocrx_word' id='word_1_14' title='bbox 732 771 776 860; x_wconf 60' lang='grc' dir='ltr'><strong>δ’</strong></span> <span class='ocrx_word' id='word_1_15' title='bbox 795 773 956 850; x_wconf 74' lang='lat' dir='ltr'><em>celebrabo</em></span> <span class='ocrx_word' id='word_1_16' title='bbox 973 761 1088 852; x_wconf 78' lang='lat' dir='ltr'><strong>nomm</strong></span> <span class='ocrx_word' id='word_1_17' title='bbox 1110 794 1225 873; x_wconf 79' lang='lat' dir='ltr'><strong>taam,</strong></span> <span class='ocrx_word' id='word_1_18' title='bbox 1239 779 1342 881; x_wconf 79' lang='lat' dir='ltr'><strong>super</strong></span> <span class='ocrx_word' id='word_1_19' title='bbox 1356 788 1405 860; x_wconf 82' lang='lat' dir='ltr'><strong>m.</strong></span> 
     </span>
     <span class='ocr_line' id='line_1_3' title="bbox 243 872 1406 982; baseline -0.005 -24"><span class='ocrx_word' id='word_1_20' title='bbox 243 888 410 982; x_wconf 77' lang='lat' dir='ltr'><strong><em>nignitate</em></strong></span> <span class='ocrx_word' id='word_1_21' title='bbox 432 892 494 951; x_wconf 83' lang='lat' dir='ltr'><strong>tna</strong></span> <span class='ocrx_word' id='word_1_22' title='bbox 514 873 559 960; x_wconf 64' lang='grc' dir='ltr'><strong>δ’</strong></span> <span class='ocrx_word' id='word_1_23' title='bbox 568 872 672 972; x_wconf 80' lang='lat' dir='ltr'><strong>saper</strong></span> <span class='ocrx_word' id='word_1_24' title='bbox 692 879 837 948; x_wconf 83' lang='lat' dir='ltr'><strong>ueritate</strong></span> <span class='ocrx_word' id='word_1_25' title='bbox 854 887 933 966; x_wconf 86' lang='lat' dir='ltr'><strong>tua,</strong></span> <span class='ocrx_word' id='word_1_26' title='bbox 966 881 1045 970; x_wconf 86' lang='lat' dir='ltr'><strong>quia</strong></span> <span class='ocrx_word' id='word_1_27' title='bbox 1068 878 1287 974; x_wconf 81' lang='lat' dir='ltr'><strong>magnificasti</strong></span> <span class='ocrx_word' id='word_1_28' title='bbox 1297 881 1406 980; x_wconf 83' lang='lat' dir='ltr'><strong>supra</strong></span> 
     </span>
     <span class='ocr_line' id='line_1_4' title="bbox 242 971 1405 1057; baseline -0.003 1"><span class='ocrx_word' id='word_1_29' title='bbox 242 1005 334 1056; x_wconf 79' lang='lat' dir='ltr'><strong>orme</strong></span> <span class='ocrx_word' id='word_1_30' title='bbox 348 997 486 1056; x_wconf 88' lang='lat' dir='ltr'><strong>nomen</strong></span> <span class='ocrx_word' id='word_1_31' title='bbox 507 995 622 1049; x_wconf 82' lang='lat' dir='ltr'><strong>nomen</strong></span> <span class='ocrx_word' id='word_1_32' title='bbox 643 986 737 1047; x_wconf 81' lang='lat' dir='ltr'><strong>tatem</strong></span> <span class='ocrx_word' id='word_1_33' title='bbox 761 971 842 1046; x_wconf 75' lang='lat' dir='ltr'><strong>tatto</strong></span> <span class='ocrx_word' id='word_1_34' title='bbox 858 987 933 1044; x_wconf 84' lang='lat' dir='ltr'><strong>tao:</strong></span> <span class='ocrx_word' id='word_1_35' title='bbox 961 973 1012 1047; x_wconf 80' lang='lat' dir='ltr'><strong>lio</strong></span> <span class='ocrx_word' id='word_1_36' title='bbox 1029 973 1231 1051; x_wconf 83' lang='lat' dir='ltr'><strong>calamitoso</strong></span> <span class='ocrx_word' id='word_1_37' title='bbox 1245 984 1405 1057; x_wconf 77' lang='lat' dir='ltr'><em>invocavi</em></span> 
     </span>
     <span class='ocr_line' id='line_1_5' title="bbox 243 1067 1403 1172; baseline 0 -19"><span class='ocrx_word' id='word_1_38' title='bbox 243 1093 296 1170; x_wconf 82' lang='lat' dir='ltr'><strong>te,</strong></span> <span class='ocrx_word' id='word_1_39' title='bbox 324 1075 369 1162; x_wconf 63' lang='grc' dir='ltr'><strong>δ’</strong></span> <span class='ocrx_word' id='word_1_40' title='bbox 383 1069 575 1172; x_wconf 79' lang='lat' dir='ltr'><strong>respondisti</strong></span> <span class='ocrx_word' id='word_1_41' title='bbox 588 1072 689 1163; x_wconf 88' lang='lat' dir='ltr'><strong>mibi,</strong></span> <span class='ocrx_word' id='word_1_42' title='bbox 705 1067 999 1164; x_wconf 66' lang='lat' dir='ltr'><strong><em>formidabilem&amp;</em></strong></span> <span class='ocrx_word' id='word_1_43' title='bbox 1016 1070 1149 1147; x_wconf 88' lang='lat' dir='ltr'><strong>elatum</strong></span> <span class='ocrx_word' id='word_1_44' title='bbox 1161 1097 1211 1147; x_wconf 89' lang='lat' dir='ltr'><strong>me</strong></span> <span class='ocrx_word' id='word_1_45' title='bbox 1219 1073 1351 1167; x_wconf 81' lang='lat' dir='ltr'><strong>fatias,</strong></span> <span class='ocrx_word' id='word_1_46' title='bbox 1366 1084 1403 1154; x_wconf 88' lang='lat' dir='ltr'><strong>in</strong></span> 
     </span>
     <span class='ocr_line' id='line_1_6' title="bbox 243 1165 1402 1267; baseline 0 -17"><span class='ocrx_word' id='word_1_47' title='bbox 243 1181 358 1250; x_wconf 85' lang='lat' dir='ltr'><strong>anima</strong></span> <span class='ocrx_word' id='word_1_48' title='bbox 377 1194 449 1248; x_wconf 84' lang='lat' dir='ltr'><strong>mea</strong></span> <span class='ocrx_word' id='word_1_49' title='bbox 469 1173 566 1246; x_wconf 83' lang='lat' dir='ltr'><strong>robor</strong></span> <span class='ocrx_word' id='word_1_50' title='bbox 587 1167 650 1243; x_wconf 90' lang='lat' dir='ltr'><strong>est.</strong></span> <span class='ocrx_word' id='word_1_51' title='bbox 698 1165 839 1267; x_wconf 86' lang='lat' dir='ltr'><strong>Quibus</strong></span> <span class='ocrx_word' id='word_1_52' title='bbox 856 1166 974 1241; x_wconf 88' lang='lat' dir='ltr'><strong>verbis</strong></span> <span class='ocrx_word' id='word_1_53' title='bbox 1002 1198 1036 1243; x_wconf 74' lang='lat' dir='ltr'><strong>a.</strong></span> <span class='ocrx_word' id='word_1_54' title='bbox 1053 1169 1260 1263; x_wconf 84' lang='lat' dir='ltr'>explicatius</span> <span class='ocrx_word' id='word_1_55' title='bbox 1274 1176 1402 1267; x_wconf 82' lang='lat' dir='ltr'>tradit,</span> 
     </span>
    </p>
   </div>
   <div class='ocr_carea' id='block_1_3' title="bbox 111 1263 1402 1366">
    <p class='ocr_par' dir='ltr' id='par_1_3' title="bbox 111 1263 1402 1366">
     <span class='ocr_line' id='line_1_7' title="bbox 111 1263 1402 1366; baseline 0.001 -21"><span class='ocrx_word' id='word_1_56' title='bbox 111 1300 112 1331; x_wconf 55' lang='lat' dir='ltr'><strong>a</strong></span> <span class='ocrx_word' id='word_1_57' title='bbox 245 1273 345 1366; x_wconf 81' lang='lat' dir='ltr'><strong>quod</strong></span> <span class='ocrx_word' id='word_1_58' title='bbox 370 1269 480 1348; x_wconf 90' lang='lat' dir='ltr'><strong>modo</strong></span> <span class='ocrx_word' id='word_1_59' title='bbox 505 1265 669 1358; x_wconf 82' lang='lat' dir='ltr'><strong>dixerat,</strong></span> <span class='ocrx_word' id='word_1_60' title='bbox 704 1266 876 1338; x_wconf 83' lang='lat' dir='ltr'><strong>feroram</strong></span> <span class='ocrx_word' id='word_1_61' title='bbox 907 1263 1028 1340; x_wconf 90' lang='lat' dir='ltr'><strong>Deum</strong></span> <span class='ocrx_word' id='word_1_62' title='bbox 1059 1264 1287 1344; x_wconf 91' lang='lat' dir='ltr'><strong>laudaturum·</strong></span> <span class='ocrx_word' id='word_1_63' title='bbox 1310 1273 1402 1360; x_wconf 79' lang='lat' dir='ltr'><strong>ell03</strong></span> 
     </span>
    </p>
   </div>
   <div class='ocr_carea' id='block_1_4' title="bbox 111 1360 1405 1564">
    <p class='ocr_par' dir='ltr' id='par_1_4' title="bbox 111 1360 1405 1564">
     <span class='ocr_line' id='line_1_8' title="bbox 111 1360 1405 1564; baseline 0 -121"><span class='ocrx_word' id='word_1_64' title='bbox 111 1388 113 1433; x_wconf 70' lang='grc' dir='ltr'><strong>τ</strong></span> <span class='ocrx_word' id='word_1_65' title='bbox 237 1390 356 1564; x_wconf 52' lang='lat' dir='ltr'><strong>Juum</strong></span> <span class='ocrx_word' id='word_1_66' title='bbox 369 1368 475 1458; x_wconf 90' lang='lat' dir='ltr'><strong>dicit,</strong></span> <span class='ocrx_word' id='word_1_67' title='bbox 501 1363 537 1440; x_wconf 91' lang='lat' dir='ltr'><strong>se</strong></span> <span class='ocrx_word' id='word_1_68' title='bbox 558 1364 787 1441; x_wconf 81' lang='lat' dir='ltr'>adoraturum</span> <span class='ocrx_word' id='word_1_69' title='bbox 806 1360 841 1437; x_wconf 77' lang='lat' dir='ltr'><strong>dr</strong></span> <span class='ocrx_word' id='word_1_70' title='bbox 860 1361 1083 1439; x_wconf 87' lang='lat' dir='ltr'><strong>laudaturum</strong></span> <span class='ocrx_word' id='word_1_71' title='bbox 1099 1362 1168 1437; x_wconf 84' lang='lat' dir='ltr'><strong>elle</strong></span> <span class='ocrx_word' id='word_1_72' title='bbox 1183 1367 1225 1437; x_wconf 85' lang='lat' dir='ltr'><strong>od</strong></span> <span class='ocrx_word' id='word_1_73' title='bbox 1238 1370 1405 1462; x_wconf 85' lang='lat' dir='ltr'><strong>palatium</strong></span> 
     </span>
    </p>
   </div>
   <div class='ocr_carea' id='block_1_5' title="bbox 110 1458 1404 1640">
    <p class='ocr_par' dir='ltr' id='par_1_5' title="bbox 110 1458 1404 1640">
     <span class='ocr_line' id='line_1_9' title="bbox 110 1458 1404 1556; baseline 0.001 -18"><span class='ocrx_word' id='word_1_74' title='bbox 110 1486 113 1533; x_wconf 73' lang='grc' dir='ltr'>ι</span> <span class='ocrx_word' id='word_1_75' title='bbox 261 1467 433 1540; x_wconf 74' lang='lat' dir='ltr'><strong>antiitatis</strong></span> <span class='ocrx_word' id='word_1_76' title='bbox 458 1461 550 1554; x_wconf 84' lang='lat' dir='ltr'><strong>Dei,</strong></span> <span class='ocrx_word' id='word_1_77' title='bbox 579 1462 617 1538; x_wconf 92' lang='lat' dir='ltr'><strong>h.</strong></span> <span class='ocrx_word' id='word_1_78' title='bbox 644 1482 677 1536; x_wconf 87' lang='lat' dir='ltr'><strong>e.</strong></span> <span class='ocrx_word' id='word_1_79' title='bbox 701 1460 814 1536; x_wconf 91' lang='lat' dir='ltr'><strong>oculis</strong></span> <span class='ocrx_word' id='word_1_80' title='bbox 835 1460 879 1534; x_wconf 92' lang='lat' dir='ltr'><strong>ad</strong></span> <span class='ocrx_word' id='word_1_81' title='bbox 902 1458 1011 1556; x_wconf 83' lang='lat' dir='ltr'>ipsam</span> <span class='ocrx_word' id='word_1_82' title='bbox 1031 1460 1103 1535; x_wconf 91' lang='lat' dir='ltr'><strong>Dei</strong></span> <span class='ocrx_word' id='word_1_83' title='bbox 1120 1461 1265 1539; x_wconf 89' lang='lat' dir='ltr'><strong>donum</strong></span> <span class='ocrx_word' id='word_1_84' title='bbox 1287 1465 1404 1540; x_wconf 88' lang='lat' dir='ltr'><strong>coele·</strong></span> 
     </span>
     <span class='ocr_line' id='line_1_10' title="bbox 110 1555 1404 1640; baseline -0.007 -5"><span class='ocrx_word' id='word_1_85' title='bbox 110 1587 113 1635; x_wconf 68' lang='lat' dir='ltr'><strong>r</strong></span> <span class='ocrx_word' id='word_1_86' title='bbox 241 1562 336 1640; x_wconf 84' lang='lat' dir='ltr'><strong>stem</strong></span> <span class='ocrx_word' id='word_1_87' title='bbox 350 1561 426 1638; x_wconf 79' lang='lat' dir='ltr'><strong>fixis</strong></span> <span class='ocrx_word' id='word_1_88' title='bbox 438 1560 558 1638; x_wconf 90' lang='lat' dir='ltr'><strong>Deum</strong></span> <span class='ocrx_word' id='word_1_89' title='bbox 574 1559 769 1636; x_wconf 86' lang='lat' dir='ltr'><strong>humillime</strong></span> <span class='ocrx_word' id='word_1_90' title='bbox 784 1557 819 1630; x_wconf 81' lang='lat' dir='ltr'><strong>dt</strong></span> <span class='ocrx_word' id='word_1_91' title='bbox 833 1557 967 1634; x_wconf 87' lang='lat' dir='ltr'><strong>devote</strong></span> <span class='ocrx_word' id='word_1_92' title='bbox 982 1555 1053 1630; x_wconf 84' lang='lat' dir='ltr'><strong>elle</strong></span> <span class='ocrx_word' id='word_1_93' title='bbox 1072 1559 1304 1637; x_wconf 86' lang='lat' dir='ltr'><strong>laudaturum.</strong></span> <span class='ocrx_word' id='word_1_94' title='bbox 1336 1561 1404 1637; x_wconf 87' lang='lat' dir='ltr'><strong>Pa.</strong></span> 
     </span>
    </p>
   </div>
   <div class='ocr_carea' id='block_1_6' title="bbox 246 1653 1403 1757">
    <p class='ocr_par' dir='ltr' id='par_1_6' title="bbox 246 1653 1403 1757">
     <span class='ocr_line' id='line_1_11' title="bbox 246 1653 1403 1757; baseline 0.001 -22"><span class='ocrx_word' id='word_1_95' title='bbox 246 1664 368 1735; x_wconf 86' lang='lat' dir='ltr'><strong>latiam</strong></span> <span class='ocrx_word' id='word_1_96' title='bbox 381 1657 576 1757; x_wconf 76' lang='lat' dir='ltr'><strong>sanititatis</strong></span> <span class='ocrx_word' id='word_1_97' title='bbox 598 1653 671 1730; x_wconf 88' lang='lat' dir='ltr'><strong>Dei</strong></span> <span class='ocrx_word' id='word_1_98' title='bbox 690 1653 744 1729; x_wconf 91' lang='lat' dir='ltr'><strong>est</strong></span> <span class='ocrx_word' id='word_1_99' title='bbox 764 1655 928 1746; x_wconf 88' lang='lat' dir='ltr'><strong>coelum,</strong></span> <span class='ocrx_word' id='word_1_100' title='bbox 965 1675 1060 1750; x_wconf 89' lang='lat' dir='ltr'><strong>quo,</strong></span> <span class='ocrx_word' id='word_1_101' title='bbox 1098 1655 1270 1751; x_wconf 91' lang='lat' dir='ltr'><strong>Jehovam</strong></span> <span class='ocrx_word' id='word_1_102' title='bbox 1296 1683 1403 1736; x_wconf 88' lang='lat' dir='ltr'><strong>coram</strong></span> 
     </span>
    </p>
   </div>
   <div class='ocr_carea' id='block_1_7' title="bbox 110 1752 1403 1850">
    <p class='ocr_par' dir='ltr' id='par_1_7' title="bbox 110 1752 1403 1850">
     <span class='ocr_line' id='line_1_12' title="bbox 110 1752 1403 1850; baseline -0.002 -17"><span class='ocrx_word' id='word_1_103' title='bbox 110 1788 113 1833; x_wconf 69' lang='lat' dir='ltr'><strong>r</strong></span> <span class='ocrx_word' id='word_1_104' title='bbox 245 1759 285 1834; x_wconf 89' lang='lat' dir='ltr'><strong>in</strong></span> <span class='ocrx_word' id='word_1_105' title='bbox 307 1758 415 1833; x_wconf 91' lang='lat' dir='ltr'><strong>domo</strong></span> <span class='ocrx_word' id='word_1_106' title='bbox 439 1756 512 1830; x_wconf 90' lang='lat' dir='ltr'><strong>Dei</strong></span> <span class='ocrx_word' id='word_1_107' title='bbox 533 1755 742 1844; x_wconf 88' lang='lat' dir='ltr'><strong>adorantes,</strong></span> <span class='ocrx_word' id='word_1_108' title='bbox 775 1753 883 1828; x_wconf 85' lang='lat' dir='ltr'><strong>animi</strong></span> <span class='ocrx_word' id='word_1_109' title='bbox 906 1754 942 1828; x_wconf 81' lang='lat' dir='ltr'><strong>dt</strong></span> <span class='ocrx_word' id='word_1_110' title='bbox 955 1752 1259 1830; x_wconf 83' lang='lat' dir='ltr'><strong>oculi&#39;elevabant</strong></span> <span class='ocrx_word' id='word_1_111' title='bbox 1275 1755 1403 1850; x_wconf 71' lang='lat' dir='ltr'><strong>santii,</strong></span> 
     </span>
    </p>
   </div>
   <div class='ocr_carea' id='block_1_8' title="bbox 110 1843 1549 1950">
    <p class='ocr_par' dir='ltr' id='par_1_8' title="bbox 110 1843 1549 1950">
     <span class='ocr_line' id='line_1_13' title="bbox 110 1843 1549 1950; baseline -0.004 -17"><span class='ocrx_word' id='word_1_112' title='bbox 110 1926 112 1933; x_wconf 55' lang='grc'><strong>.</strong></span> <span class='ocrx_word' id='word_1_113' title='bbox 244 1854 298 1930; x_wconf 91' lang='lat' dir='ltr'><strong>uti</strong></span> <span class='ocrx_word' id='word_1_114' title='bbox 311 1855 476 1944; x_wconf 84' lang='lat' dir='ltr'><strong>salomo,</strong></span> <span class='ocrx_word' id='word_1_115' title='bbox 506 1852 631 1950; x_wconf 84' lang='lat' dir='ltr'><strong>1Reg.</strong></span> <span class='ocrx_word' id='word_1_116' title='bbox 653 1870 736 1924; x_wconf 87' lang='lat' dir='ltr'><strong>vru.</strong></span> <span class='ocrx_word' id='word_1_117' title='bbox 759 1848 870 1939; x_wconf 89' lang='lat' dir='ltr'><strong>fecit,</strong></span> <span class='ocrx_word' id='word_1_118' title='bbox 895 1846 952 1922; x_wconf 87' lang='lat' dir='ltr'><strong>De</strong></span> <span class='ocrx_word' id='word_1_119' title='bbox 966 1870 1040 1944; x_wconf 93' lang='lat' dir='ltr'><strong>quo</strong></span> <span class='ocrx_word' id='word_1_120' title='bbox 1058 1851 1100 1924; x_wconf 89' lang='lat' dir='ltr'><strong>ad</strong></span> <span class='ocrx_word' id='word_1_121' title='bbox 1116 1851 1167 1925; x_wconf 92' lang='lat' dir='ltr'><strong>Ps.</strong></span> <span class='ocrx_word' id='word_1_122' title='bbox 1185 1875 1218 1926; x_wconf 90' lang='lat' dir='ltr'><strong>v:</strong></span> <span class='ocrx_word' id='word_1_123' title='bbox 1242 1856 1272 1927; x_wconf 90' lang='lat'><strong>8.</strong></span> <span class='ocrx_word' id='word_1_124' title='bbox 1291 1876 1403 1950; x_wconf 81' lang='lat' dir='ltr'><strong>expo·</strong></span> <span class='ocrx_word' id='word_1_125' title='bbox 1545 1843 1549 1850; x_wconf 75' lang='grc'>’</span> 
     </span>
    </p>
   </div>
   <div class='ocr_carea' id='block_1_9' title="bbox 198 1947 1403 2628">
    <p class='ocr_par' dir='ltr' id='par_1_9' title="bbox 198 1947 1403 2628">
     <span class='ocr_line' id='line_1_14' title="bbox 242 1947 1401 2046; baseline -0.003 -19"><span class='ocrx_word' id='word_1_126' title='bbox 242 1951 306 2028; x_wconf 91' lang='lat' dir='ltr'><strong>sui.</strong></span> <span class='ocrx_word' id='word_1_127' title='bbox 362 1951 514 2026; x_wconf 76' lang='lat' dir='ltr'><strong>Aderam</strong></span> <span class='ocrx_word' id='word_1_128' title='bbox 555 1947 599 2034; x_wconf 61' lang='grc' dir='ltr'><strong>δ’</strong></span> <span class='ocrx_word' id='word_1_129' title='bbox 631 1949 768 2021; x_wconf 83' lang='lat' dir='ltr'><strong>laudare</strong></span> <span class='ocrx_word' id='word_1_130' title='bbox 800 1947 1096 2046; x_wconf 81' lang='lat' dir='ltr'><strong>coniunguntur,</strong></span> <span class='ocrx_word' id='word_1_131' title='bbox 1135 1965 1176 2024; x_wconf 92' lang='lat' dir='ltr'><strong>ut</strong></span> <span class='ocrx_word' id='word_1_132' title='bbox 1202 1950 1401 2044; x_wconf 87' lang='lat' dir='ltr'><strong>indicetur,</strong></span> 
     </span>
     <span class='ocr_line' id='line_1_15' title="bbox 243 2045 1403 2133; baseline -0.003 -7"><span class='ocrx_word' id='word_1_133' title='bbox 243 2050 367 2127; x_wconf 90' lang='lat' dir='ltr'><strong>Deum</strong></span> <span class='ocrx_word' id='word_1_134' title='bbox 379 2047 451 2122; x_wconf 83' lang='lat' dir='ltr'><strong>effe</strong></span> <span class='ocrx_word' id='word_1_135' title='bbox 467 2048 602 2123; x_wconf 87' lang='lat' dir='ltr'><strong>devote</strong></span> <span class='ocrx_word' id='word_1_136' title='bbox 617 2067 659 2121; x_wconf 90' lang='lat' dir='ltr'><strong>ac</strong></span> <span class='ocrx_word' id='word_1_137' title='bbox 702 2045 735 2118; x_wconf 93' lang='lat' dir='ltr'><strong>ie</strong></span> <span class='ocrx_word' id='word_1_138' title='bbox 750 2045 1020 2133; x_wconf 69' lang='lat' dir='ltr'><strong>celebrandum</strong></span> <span class='ocrx_word' id='word_1_139' title='bbox 1054 2047 1312 2122; x_wconf 90' lang='lat' dir='ltr'><strong>convenienter</strong></span> <span class='ocrx_word' id='word_1_140' title='bbox 1325 2049 1403 2123; x_wconf 89' lang='lat' dir='ltr'><strong>Ma·</strong></span> 
     </span>
     <span class='ocr_line' id='line_1_16' title="bbox 243 2140 1400 2240; baseline 0.003 -22"><span class='ocrx_word' id='word_1_141' title='bbox 243 2145 381 2240; x_wconf 80' lang='lat' dir='ltr'><strong>jestati‚</strong></span> <span class='ocrx_word' id='word_1_142' title='bbox 406 2145 443 2218; x_wconf 78' lang='lat' dir='ltr'><strong>ar</strong></span> <span class='ocrx_word' id='word_1_143' title='bbox 467 2143 639 2221; x_wconf 57' lang='lat' dir='ltr'><strong>summitati</strong></span> <span class='ocrx_word' id='word_1_144' title='bbox 697 2143 751 2233; x_wconf 92' lang='lat' dir='ltr'><strong>ei,</strong></span> <span class='ocrx_word' id='word_1_145' title='bbox 784 2140 1033 2217; x_wconf 87' lang='lat' dir='ltr'><strong>&amp;secundum</strong></span> <span class='ocrx_word' id='word_1_146' title='bbox 1051 2140 1288 2240; x_wconf 73' lang='lat' dir='ltr'><strong>prescriptum</strong></span> <span class='ocrx_word' id='word_1_147' title='bbox 1312 2147 1400 2240; x_wconf 88' lang='lat' dir='ltr'><strong>ejus.</strong></span> 
     </span>
     <span class='ocr_line' id='line_1_17' title="bbox 198 2237 1401 2340; baseline -0.003 -25"><span class='ocrx_word' id='word_1_148' title='bbox 198 2325 204 2336; x_wconf 22' lang='lat'>¹</span> <span class='ocrx_word' id='word_1_149' title='bbox 246 2248 284 2334; x_wconf 83' lang='grc' dir='ltr'><strong>β.</strong></span> <span class='ocrx_word' id='word_1_150' title='bbox 305 2240 491 2316; x_wconf 78' lang='lat' dir='ltr'><strong>Materiam</strong></span> <span class='ocrx_word' id='word_1_151' title='bbox 513 2241 726 2315; x_wconf 81' lang='lat' dir='ltr'><strong>&amp;rationem</strong></span> <span class='ocrx_word' id='word_1_152' title='bbox 739 2240 987 2313; x_wconf 85' lang='lat' dir='ltr'><strong>celebrationis</strong></span> <span class='ocrx_word' id='word_1_153' title='bbox 1004 2237 1073 2312; x_wconf 90' lang='lat' dir='ltr'><strong>Dei</strong></span> <span class='ocrx_word' id='word_1_154' title='bbox 1093 2263 1124 2316; x_wconf 89' lang='lat' dir='ltr'><strong>a.</strong></span> <span class='ocrx_word' id='word_1_155' title='bbox 1139 2243 1175 2316; x_wconf 93' lang='lat' dir='ltr'><strong>in</strong></span> <span class='ocrx_word' id='word_1_156' title='bbox 1194 2263 1324 2340; x_wconf 85' lang='lat' dir='ltr'><strong>genere</strong></span> <span class='ocrx_word' id='word_1_157' title='bbox 1341 2267 1401 2319; x_wconf 82' lang='lat' dir='ltr'><strong>ex.</strong></span> 
     </span>
     <span class='ocr_line' id='line_1_18' title="bbox 246 2336 1402 2437; baseline 0.003 -24"><span class='ocrx_word' id='word_1_158' title='bbox 246 2343 376 2437; x_wconf 88' lang='lat' dir='ltr'><strong>plicat,</strong></span> <span class='ocrx_word' id='word_1_159' title='bbox 403 2360 487 2414; x_wconf 86' lang='lat' dir='ltr'><strong>eum</strong></span> <span class='ocrx_word' id='word_1_160' title='bbox 507 2337 614 2428; x_wconf 87' lang='lat' dir='ltr'><strong>dicit,</strong></span> <span class='ocrx_word' id='word_1_161' title='bbox 637 2338 827 2412; x_wconf 82' lang='lat' dir='ltr'><strong>celebrabo</strong></span> <span class='ocrx_word' id='word_1_162' title='bbox 845 2356 958 2410; x_wconf 83' lang='lat' dir='ltr'><strong>nonem</strong></span> <span class='ocrx_word' id='word_1_163' title='bbox 980 2349 1074 2408; x_wconf 84' lang='lat' dir='ltr'><strong>taam</strong></span> <span class='ocrx_word' id='word_1_164' title='bbox 1083 2336 1185 2432; x_wconf 84' lang='lat' dir='ltr'><strong>super</strong></span> <span class='ocrx_word' id='word_1_165' title='bbox 1200 2344 1402 2437; x_wconf 80' lang='lat' dir='ltr'><strong>benignitate</strong></span> 
     </span>
     <span class='ocr_line' id='line_1_19' title="bbox 248 2431 1400 2530; baseline 0.003 -20"><span class='ocrx_word' id='word_1_166' title='bbox 248 2435 294 2522; x_wconf 59' lang='grc' dir='ltr'><strong>ὅ</strong></span> <span class='ocrx_word' id='word_1_167' title='bbox 308 2443 451 2510; x_wconf 82' lang='lat' dir='ltr'><strong>ueritate</strong></span> <span class='ocrx_word' id='word_1_168' title='bbox 465 2449 523 2508; x_wconf 87' lang='lat' dir='ltr'><strong>tao</strong></span> <span class='ocrx_word' id='word_1_169' title='bbox 533 2485 545 2528; x_wconf 90' lang='lat'>,</span> <span class='ocrx_word' id='word_1_170' title='bbox 554 2435 686 2510; x_wconf 88' lang='lat' dir='ltr'><strong>scilicet</strong></span> <span class='ocrx_word' id='word_1_171' title='bbox 699 2431 983 2510; x_wconf 84' lang='lat' dir='ltr'><strong>causavinutum</strong></span> <span class='ocrx_word' id='word_1_172' title='bbox 997 2434 1117 2530; x_wconf 85' lang='lat' dir='ltr'><strong>gratiae</strong></span> <span class='ocrx_word' id='word_1_173' title='bbox 1131 2436 1166 2508; x_wconf 82' lang='lat' dir='ltr'><strong>dc</strong></span> <span class='ocrx_word' id='word_1_174' title='bbox 1175 2440 1400 2530; x_wconf 82' lang='lat' dir='ltr'><strong>veracitatis,</strong></span> 
     </span>
     <span class='ocr_line' id='line_1_20' title="bbox 246 2529 1399 2628; baseline 0.003 -20"><span class='ocrx_word' id='word_1_175' title='bbox 246 2536 287 2610; x_wconf 91' lang='lat' dir='ltr'><strong>in</strong></span> <span class='ocrx_word' id='word_1_176' title='bbox 309 2530 476 2628; x_wconf 85' lang='lat' dir='ltr'><strong>promiffis</strong></span> <span class='ocrx_word' id='word_1_177' title='bbox 499 2531 620 2608; x_wconf 90' lang='lat' dir='ltr'><strong>dandis</strong></span> <span class='ocrx_word' id='word_1_178' title='bbox 641 2554 682 2610; x_wconf 87' lang='lat' dir='ltr'><strong>ac</strong></span> <span class='ocrx_word' id='word_1_179' title='bbox 706 2530 893 2625; x_wconf 88' lang='lat' dir='ltr'><strong>implendis</strong></span> <span class='ocrx_word' id='word_1_180' title='bbox 914 2531 1040 2625; x_wconf 90' lang='lat' dir='ltr'><strong>partim</strong></span> <span class='ocrx_word' id='word_1_181' title='bbox 1062 2529 1399 2627; x_wconf 85' lang='lat' dir='ltr'><strong>demonstratarum,</strong></span> 
     </span>
    </p>
   </div>
   <div class='ocr_carea' id='block_1_10' title="bbox 243 2624 1404 3018">
    <p class='ocr_par' dir='ltr' id='par_1_10' title="bbox 243 2624 1404 2997">
     <span class='ocr_line' id='line_1_21' title="bbox 243 2624 1404 2730; baseline -0.009 -24"><span class='ocrx_word' id='word_1_182' title='bbox 243 2631 373 2728; x_wconf 88' lang='lat' dir='ltr'><strong>partim</strong></span> <span class='ocrx_word' id='word_1_183' title='bbox 393 2627 675 2724; x_wconf 80' lang='lat' dir='ltr'><strong>praestandamro.</strong></span> <span class='ocrx_word' id='word_1_184' title='bbox 723 2627 814 2730; x_wconf 82' lang='lat' dir='ltr'><strong>Qua</strong></span> <span class='ocrx_word' id='word_1_185' title='bbox 835 2648 911 2703; x_wconf 90' lang='lat' dir='ltr'><strong>non</strong></span> <span class='ocrx_word' id='word_1_186' title='bbox 926 2626 1006 2702; x_wconf 89' lang='lat' dir='ltr'><strong>sunt</strong></span> <span class='ocrx_word' id='word_1_187' title='bbox 1020 2624 1182 2704; x_wconf 89' lang='lat' dir='ltr'><strong>difficilia.</strong></span> <span class='ocrx_word' id='word_1_188' title='bbox 1218 2634 1247 2706; x_wconf 81' lang='lat' dir='ltr'><strong>b.</strong></span> <span class='ocrx_word' id='word_1_189' title='bbox 1268 2631 1309 2706; x_wconf 93' lang='lat' dir='ltr'><strong>ln</strong></span> <span class='ocrx_word' id='word_1_190' title='bbox 1327 2632 1404 2728; x_wconf 90' lang='lat' dir='ltr'><strong>spe.</strong></span> 
     </span>
     <span class='ocr_line' id='line_1_22' title="bbox 243 2722 1400 2825; baseline 0.004 -21"><span class='ocrx_word' id='word_1_191' title='bbox 243 2730 301 2805; x_wconf 91' lang='lat' dir='ltr'><strong>cie</strong></span> <span class='ocrx_word' id='word_1_192' title='bbox 330 2750 363 2804; x_wconf 87' lang='lat'><strong>1.</strong></span> <span class='ocrx_word' id='word_1_193' title='bbox 377 2725 536 2823; x_wconf 74' lang='lat' dir='ltr'><strong>respectu</strong></span> <span class='ocrx_word' id='word_1_194' title='bbox 548 2727 819 2825; x_wconf 82' lang='lat' dir='ltr'><strong>promillorum‚</strong></span> <span class='ocrx_word' id='word_1_195' title='bbox 844 2722 1159 2815; x_wconf 66' lang='lat' dir='ltr'><strong>nuntiabam,</strong></span> <span class='ocrx_word' id='word_1_196' title='bbox 1190 2726 1245 2806; x_wconf 86' lang='lat' dir='ltr'><strong>his</strong></span> <span class='ocrx_word' id='word_1_197' title='bbox 1264 2731 1400 2809; x_wconf 81' lang='lat' dir='ltr'><strong>verbist</strong></span> 
     </span>
     <span class='ocr_line' id='line_1_23' title="bbox 244 2822 1399 2997; baseline 0.006 -98"><span class='ocrx_word' id='word_1_198' title='bbox 244 2822 560 2997; x_wconf 50' lang='lat' dir='ltr'><strong>ffamagoifiaasli</strong></span> <span class='ocrx_word' id='word_1_199' title='bbox 574 2825 682 2922; x_wconf 83' lang='lat' dir='ltr'><strong>snpra</strong></span> <span class='ocrx_word' id='word_1_200' title='bbox 706 2848 796 2899; x_wconf 81' lang='lat' dir='ltr'><strong>omme</strong></span> <span class='ocrx_word' id='word_1_201' title='bbox 821 2843 956 2898; x_wconf 92' lang='lat' dir='ltr'><strong>nomen</strong></span> <span class='ocrx_word' id='word_1_202' title='bbox 978 2845 1093 2897; x_wconf 87' lang='lat' dir='ltr'><strong>nomm</strong></span> <span class='ocrx_word' id='word_1_203' title='bbox 1123 2839 1217 2899; x_wconf 85' lang='lat' dir='ltr'><strong>taam</strong></span> <span class='ocrx_word' id='word_1_204' title='bbox 1235 2827 1316 2903; x_wconf 82' lang='lat' dir='ltr'><strong>lilla</strong></span> <span class='ocrx_word' id='word_1_205' title='bbox 1331 2843 1399 2906; x_wconf 87' lang='lat' dir='ltr'><strong>too.</strong></span> 
     </span>
    </p>

    <p class='ocr_par' dir='ltr' id='par_1_11' title="bbox 274 2920 1400 3018">
     <span class='ocr_line' id='line_1_24' title="bbox 274 2920 1400 3018; baseline 0.006 -21"><span class='ocrx_word' id='word_1_206' title='bbox 274 2976 283 2997; x_wconf 91' lang='lat'><strong>.</strong></span> <span class='ocrx_word' id='word_1_207' title='bbox 306 2945 338 2998; x_wconf 90' lang='lat' dir='ltr'><strong>e.</strong></span> <span class='ocrx_word' id='word_1_208' title='bbox 361 2922 546 3017; x_wconf 80' lang='lat' dir='ltr'><strong>promillo,</strong></span> <span class='ocrx_word' id='word_1_209' title='bbox 572 2922 658 2999; x_wconf 89' lang='lat' dir='ltr'><strong>mihi</strong></span> <span class='ocrx_word' id='word_1_210' title='bbox 683 2920 868 3018; x_wconf 87' lang='lat' dir='ltr'><strong>&amp;populo</strong></span> <span class='ocrx_word' id='word_1_211' title='bbox 887 2941 984 2996; x_wconf 88' lang='lat' dir='ltr'><strong>nunc</strong></span> <span class='ocrx_word' id='word_1_212' title='bbox 1007 2920 1125 3013; x_wconf 82' lang='lat' dir='ltr'><strong>facto,</strong></span> <span class='ocrx_word' id='word_1_213' title='bbox 1149 2937 1284 3002; x_wconf 86' lang='lat' dir='ltr'><strong>nomen</strong></span> <span class='ocrx_word' id='word_1_214' title='bbox 1298 2941 1400 3004; x_wconf 90' lang='lat' dir='ltr'><strong>tuum</strong></span> 
     </span>
    </p>
   </div>
   <div class='ocr_carea' id='block_1_11' title="bbox 161 3017 1476 4288">
    <p class='ocr_par' dir='ltr' id='par_1_12' title="bbox 161 3017 1476 4288">
     <span class='ocr_line' id='line_1_25' title="bbox 246 3017 1400 3120; baseline 0.002 -25"><span class='ocrx_word' id='word_1_215' title='bbox 246 3019 347 3095; x_wconf 89' lang='lat' dir='ltr'><strong>omni</strong></span> <span class='ocrx_word' id='word_1_216' title='bbox 369 3021 438 3096; x_wconf 90' lang='lat' dir='ltr'><strong>alio</strong></span> <span class='ocrx_word' id='word_1_217' title='bbox 458 3021 606 3096; x_wconf 90' lang='lat' dir='ltr'><strong>nomine</strong></span> <span class='ocrx_word' id='word_1_218' title='bbox 627 3023 665 3094; x_wconf 92' lang='lat' dir='ltr'><strong>in</strong></span> <span class='ocrx_word' id='word_1_219' title='bbox 686 3017 844 3094; x_wconf 85' lang='lat' dir='ltr'><strong>coelo&amp;</strong></span> <span class='ocrx_word' id='word_1_220' title='bbox 864 3033 960 3094; x_wconf 89' lang='lat' dir='ltr'><strong>terra</strong></span> <span class='ocrx_word' id='word_1_221' title='bbox 974 3019 1141 3094; x_wconf 76' lang='lat' dir='ltr'><strong>casellius</strong></span> <span class='ocrx_word' id='word_1_222' title='bbox 1159 3043 1200 3096; x_wconf 91' lang='lat' dir='ltr'><strong>ac</strong></span> <span class='ocrx_word' id='word_1_223' title='bbox 1216 3024 1400 3120; x_wconf 83' lang='lat' dir='ltr'><strong>gloriolius</strong></span> 
     </span>
     <span class='ocr_line' id='line_1_26' title="bbox 243 3113 1400 3212; baseline 0.003 -20"><span class='ocrx_word' id='word_1_224' title='bbox 243 3113 381 3206; x_wconf 87' lang='lat' dir='ltr'><strong>fecisti,</strong></span> <span class='ocrx_word' id='word_1_225' title='bbox 402 3138 523 3194; x_wconf 90' lang='lat' dir='ltr'><strong>meum</strong></span> <span class='ocrx_word' id='word_1_226' title='bbox 542 3139 685 3212; x_wconf 89' lang='lat' dir='ltr'><strong>quoque</strong></span> <span class='ocrx_word' id='word_1_227' title='bbox 708 3118 745 3192; x_wconf 88' lang='lat' dir='ltr'><strong>in</strong></span> <span class='ocrx_word' id='word_1_228' title='bbox 766 3117 975 3193; x_wconf 89' lang='lat' dir='ltr'><strong>eonomine</strong></span> <span class='ocrx_word' id='word_1_229' title='bbox 993 3132 1058 3193; x_wconf 89' lang='lat' dir='ltr'><strong>tuo</strong></span> <span class='ocrx_word' id='word_1_230' title='bbox 1082 3116 1163 3192; x_wconf 88' lang='lat' dir='ltr'><strong>fore</strong></span> <span class='ocrx_word' id='word_1_231' title='bbox 1178 3117 1278 3212; x_wconf 89' lang='lat' dir='ltr'><strong>supra</strong></span> <span class='ocrx_word' id='word_1_232' title='bbox 1292 3140 1400 3194; x_wconf 87' lang='lat' dir='ltr'><strong>omne</strong></span> 
     </span>
     <span class='ocr_line' id='line_1_27' title="bbox 241 3212 1400 3311; baseline 0.002 -21"><span class='ocrx_word' id='word_1_233' title='bbox 241 3235 379 3292; x_wconf 88' lang='lat' dir='ltr'><strong>nomen</strong></span> <span class='ocrx_word' id='word_1_234' title='bbox 400 3212 654 3292; x_wconf 87' lang='lat' dir='ltr'><strong>demonstrasti.</strong></span> <span class='ocrx_word' id='word_1_235' title='bbox 709 3213 830 3292; x_wconf 89' lang='lat' dir='ltr'><strong>Verba</strong></span> <span class='ocrx_word' id='word_1_236' title='bbox 852 3214 933 3291; x_wconf 91' lang='lat' dir='ltr'><strong>sunt</strong></span> <span class='ocrx_word' id='word_1_237' title='bbox 952 3212 1114 3306; x_wconf 84' lang='lat' dir='ltr'><strong>concisa,</strong></span> <span class='ocrx_word' id='word_1_238' title='bbox 1139 3214 1238 3290; x_wconf 82' lang='lat' dir='ltr'><strong>simul</strong></span> <span class='ocrx_word' id='word_1_239' title='bbox 1258 3217 1400 3311; x_wconf 82' lang='lat' dir='ltr'><strong>empha-</strong></span> 
     </span>
     <span class='ocr_line' id='line_1_28' title="bbox 161 3310 1400 3410; baseline 0.002 -23"><span class='ocrx_word' id='word_1_240' title='bbox 161 3369 179 3387; x_wconf 51' lang='grc'><strong>,,</strong></span> <span class='ocrx_word' id='word_1_241' title='bbox 244 3313 336 3402; x_wconf 87' lang='lat' dir='ltr'><strong>tica,</strong></span> <span class='ocrx_word' id='word_1_242' title='bbox 361 3313 397 3387; x_wconf 84' lang='lat' dir='ltr'><strong>dc</strong></span> <span class='ocrx_word' id='word_1_243' title='bbox 421 3310 536 3389; x_wconf 89' lang='lat' dir='ltr'><strong>studio</strong></span> <span class='ocrx_word' id='word_1_244' title='bbox 556 3313 736 3403; x_wconf 85' lang='lat' dir='ltr'><strong>formata,</strong></span> <span class='ocrx_word' id='word_1_245' title='bbox 775 3314 915 3410; x_wconf 86' lang='lat' dir='ltr'><strong>utplus</strong></span> <span class='ocrx_word' id='word_1_246' title='bbox 939 3313 1158 3402; x_wconf 88' lang='lat' dir='ltr'><strong>indicarent,</strong></span> <span class='ocrx_word' id='word_1_247' title='bbox 1190 3335 1295 3408; x_wconf 91' lang='lat' dir='ltr'><strong>quam</strong></span> <span class='ocrx_word' id='word_1_248' title='bbox 1316 3335 1400 3390; x_wconf 77' lang='lat' dir='ltr'><strong>mox</strong></span> 
     </span>
     <span class='ocr_line' id='line_1_29' title="bbox 244 3409 1400 3506; baseline 0.001 -21"><span class='ocrx_word' id='word_1_249' title='bbox 244 3410 448 3506; x_wconf 82' lang='lat' dir='ltr'><strong>adparebat</strong></span> <span class='ocrx_word' id='word_1_250' title='bbox 499 3410 557 3483; x_wconf 87' lang='lat' dir='ltr'><strong>Ad</strong></span> <span class='ocrx_word' id='word_1_251' title='bbox 572 3409 710 3487; x_wconf 85' lang='lat' dir='ltr'><strong>sensum</strong></span> <span class='ocrx_word' id='word_1_252' title='bbox 726 3415 888 3486; x_wconf 79' lang='lat' dir='ltr'><strong>umboiem</strong></span> <span class='ocrx_word' id='word_1_253' title='bbox 906 3412 1103 3486; x_wconf 88' lang='lat' dir='ltr'><strong>eruendum</strong></span> <span class='ocrx_word' id='word_1_254' title='bbox 1119 3411 1228 3500; x_wconf 85' lang='lat' dir='ltr'><strong>facit,</strong></span> <span class='ocrx_word' id='word_1_255' title='bbox 1243 3411 1400 3503; x_wconf 80' lang='lat' dir='ltr'><strong>notaile,</strong></span> 
     </span>
     <span class='ocr_line' id='line_1_30' title="bbox 247 3507 1402 3604; baseline 0.003 -24"><span class='ocrx_word' id='word_1_256' title='bbox 247 3531 282 3587; x_wconf 85' lang='grc' dir='ltr'><strong>ι.</strong></span> <span class='ocrx_word' id='word_1_257' title='bbox 296 3508 336 3582; x_wconf 92' lang='lat' dir='ltr'><strong>in</strong></span> <span class='ocrx_word' id='word_1_258' title='bbox 356 3507 508 3582; x_wconf 89' lang='lat' dir='ltr'><strong>vocibus</strong></span> <span class='ocrx_word' id='word_1_259' title='bbox 529 3512 636 3594; x_wconf 59' lang='lat' dir='ltr'><strong>‘ra-bo</strong></span> <span class='ocrx_word' id='word_1_260' title='bbox 646 3508 752 3604; x_wconf 81' lang='lat' dir='ltr'><strong>sarpra</strong></span> <span class='ocrx_word' id='word_1_261' title='bbox 766 3531 856 3582; x_wconf 87' lang='lat' dir='ltr'><strong>amm</strong></span> <span class='ocrx_word' id='word_1_262' title='bbox 872 3509 982 3580; x_wconf 87' lang='lat' dir='ltr'><strong>latere</strong></span> <span class='ocrx_word' id='word_1_263' title='bbox 996 3527 1131 3580; x_wconf 87' lang='lat' dir='ltr'><strong>nomen</strong></span> <span class='ocrx_word' id='word_1_264' title='bbox 1155 3533 1220 3593; x_wconf 81' lang='lat' dir='ltr'><strong>oo,</strong></span> <span class='ocrx_word' id='word_1_265' title='bbox 1247 3511 1341 3600; x_wconf 90' lang='lat' dir='ltr'><strong>quod</strong></span> <span class='ocrx_word' id='word_1_266' title='bbox 1357 3519 1402 3584; x_wconf 79' lang='lat' dir='ltr'><strong>etl</strong></span> 
     </span>
     <span class='ocr_line' id='line_1_31' title="bbox 246 3601 1402 3700; baseline 0.004 -21"><span class='ocrx_word' id='word_1_267' title='bbox 246 3605 499 3680; x_wconf 87' lang='lat' dir='ltr'><strong>concurrentia</strong></span> <span class='ocrx_word' id='word_1_268' title='bbox 529 3605 686 3699; x_wconf 89' lang='lat' dir='ltr'><strong>ejusdem</strong></span> <span class='ocrx_word' id='word_1_269' title='bbox 711 3606 813 3678; x_wconf 91' lang='lat' dir='ltr'><strong>vocis</strong></span> <span class='ocrx_word' id='word_1_270' title='bbox 837 3601 989 3691; x_wconf 89' lang='lat' dir='ltr'><strong>deficit,</strong></span> <span class='ocrx_word' id='word_1_271' title='bbox 1028 3604 1187 3698; x_wconf 88' lang='lat' dir='ltr'><strong>adeoque</strong></span> <span class='ocrx_word' id='word_1_272' title='bbox 1211 3604 1402 3700; x_wconf 85' lang='lat' dir='ltr'><strong>legendum</strong></span> 
     </span>
     <span class='ocr_line' id='line_1_32' title="bbox 244 3701 1444 3804; baseline 0.003 -29"><span class='ocrx_word' id='word_1_273' title='bbox 244 3701 338 3794; x_wconf 78' lang='lat' dir='ltr'><strong>elle,</strong></span> <span class='ocrx_word' id='word_1_274' title='bbox 376 3721 440 3804; x_wconf 61' lang='lat' dir='ltr'><strong>poe</strong></span> <span class='ocrx_word' id='word_1_275' title='bbox 464 3707 651 3791; x_wconf 61' lang='lat' dir='ltr'><strong>no-oo--m</strong></span> <span class='ocrx_word' id='word_1_276' title='bbox 662 3701 766 3800; x_wconf 80' lang='lat' dir='ltr'><strong>sopra</strong></span> <span class='ocrx_word' id='word_1_277' title='bbox 789 3723 878 3785; x_wconf 86' lang='lat' dir='ltr'><strong>omme</strong></span> <span class='ocrx_word' id='word_1_278' title='bbox 898 3723 1042 3791; x_wconf 86' lang='lat' dir='ltr'><strong>nomem,</strong></span> <span class='ocrx_word' id='word_1_279' title='bbox 1079 3725 1191 3774; x_wconf 87' lang='lat' dir='ltr'><strong>nomm</strong></span> <span class='ocrx_word' id='word_1_280' title='bbox 1216 3717 1338 3795; x_wconf 82' lang='lat' dir='ltr'><strong>tunm3</strong></span> <span class='ocrx_word' id='word_1_281' title='bbox 1361 3704 1402 3779; x_wconf 84' lang='lat' dir='ltr'><strong>fi·</strong></span> <span class='ocrx_word' id='word_1_282' title='bbox 1434 3723 1444 3744; x_wconf 63' lang='lat'><em>¹</em></span> 
     </span>
     <span class='ocr_line' id='line_1_33' title="bbox 246 3797 1476 3897; baseline 0 -21"><span class='ocrx_word' id='word_1_283' title='bbox 246 3814 311 3876; x_wconf 88' lang='lat' dir='ltr'><strong>cut</strong></span> <span class='ocrx_word' id='word_1_284' title='bbox 332 3799 460 3895; x_wconf 83' lang='lat' dir='ltr'><strong>phrafis</strong></span> <span class='ocrx_word' id='word_1_285' title='bbox 483 3800 627 3876; x_wconf 88' lang='lat' dir='ltr'><strong>Paulina</strong></span> <span class='ocrx_word' id='word_1_286' title='bbox 645 3802 752 3877; x_wconf 90' lang='lat' dir='ltr'><strong>habet</strong></span> <span class='ocrx_word' id='word_1_287' title='bbox 772 3797 921 3896; x_wconf 88' lang='lat' dir='ltr'><strong>Philipp.</strong></span> <span class='ocrx_word' id='word_1_288' title='bbox 936 3820 978 3874; x_wconf 87' lang='lat' dir='ltr'><strong>rr:</strong></span> <span class='ocrx_word' id='word_1_289' title='bbox 994 3821 1029 3892; x_wconf 85' lang='lat'><strong>9.</strong></span> <span class='ocrx_word' id='word_1_290' title='bbox 1050 3797 1169 3874; x_wconf 90' lang='lat' dir='ltr'><strong>neseio</strong></span> <span class='ocrx_word' id='word_1_291' title='bbox 1182 3821 1227 3874; x_wconf 92' lang='lat' dir='ltr'><strong>an</strong></span> <span class='ocrx_word' id='word_1_292' title='bbox 1241 3799 1324 3879; x_wconf 87' lang='lat' dir='ltr'><strong>hinc</strong></span> <span class='ocrx_word' id='word_1_293' title='bbox 1340 3824 1403 3897; x_wconf 84' lang='lat' dir='ltr'><strong>pe·-</strong></span> <span class='ocrx_word' id='word_1_294' title='bbox 1465 3805 1476 3813; x_wconf 83' lang='grc'><strong>“</strong></span> 
     </span>
     <span class='ocr_line' id='line_1_34' title="bbox 227 3897 1402 3998; baseline 0.002 -24"><span class='ocrx_word' id='word_1_295' title='bbox 227 3933 231 3949; x_wconf 76' lang='lat'><em>=</em></span> <span class='ocrx_word' id='word_1_296' title='bbox 247 3897 324 3974; x_wconf 89' lang='lat' dir='ltr'><strong>tita.</strong></span> <span class='ocrx_word' id='word_1_297' title='bbox 346 3920 378 3974; x_wconf 81' lang='lat' dir='ltr'><strong>a.</strong></span> <span class='ocrx_word' id='word_1_298' title='bbox 393 3920 524 3976; x_wconf 85' lang='lat' dir='ltr'><strong>vocem</strong></span> <span class='ocrx_word' id='word_1_299' title='bbox 545 3920 607 3998; x_wconf 76' lang='lat' dir='ltr'><strong>mo</strong></span> <span class='ocrx_word' id='word_1_300' title='bbox 620 3917 732 3974; x_wconf 84' lang='lat' dir='ltr'><strong>nomm</strong></span> <span class='ocrx_word' id='word_1_301' title='bbox 747 3914 840 3973; x_wconf 85' lang='lat' dir='ltr'><strong>taam</strong></span> <span class='ocrx_word' id='word_1_302' title='bbox 855 3899 1034 3973; x_wconf 76' lang='lat' dir='ltr'><strong>conarere</strong></span> <span class='ocrx_word' id='word_1_303' title='bbox 1052 3919 1134 3972; x_wconf 87' lang='lat' dir='ltr'><strong>cum</strong></span> <span class='ocrx_word' id='word_1_304' title='bbox 1148 3897 1264 3972; x_wconf 82' lang='lat' dir='ltr'><strong>verbo</strong></span> <span class='ocrx_word' id='word_1_305' title='bbox 1280 3905 1402 3977; x_wconf 69' lang='lat' dir='ltr'><strong>nobam</strong></span> 
     </span>
     <span class='ocr_line' id='line_1_35' title="bbox 248 3992 1402 4094; baseline 0.003 -25"><span class='ocrx_word' id='word_1_306' title='bbox 248 3992 490 4094; x_wconf 73' lang='lat' dir='ltr'><strong>magnificasti,</strong></span> <span class='ocrx_word' id='word_1_307' title='bbox 514 4012 557 4071; x_wconf 92' lang='lat' dir='ltr'><strong>ut</strong></span> <span class='ocrx_word' id='word_1_308' title='bbox 580 3996 777 4085; x_wconf 72' lang='lat' dir='ltr'><strong>sensusne,</strong></span> <span class='ocrx_word' id='word_1_309' title='bbox 807 3998 927 4072; x_wconf 83' lang='lat' dir='ltr'><strong>Deum</strong></span> <span class='ocrx_word' id='word_1_310' title='bbox 950 4014 1115 4092; x_wconf 85' lang='lat' dir='ltr'><strong>magnum</strong></span> <span class='ocrx_word' id='word_1_311' title='bbox 1136 3993 1256 4070; x_wconf 85' lang='lat' dir='ltr'><strong>feciffe</strong></span> <span class='ocrx_word' id='word_1_312' title='bbox 1276 3997 1402 4072; x_wconf 82' lang='lat' dir='ltr'><strong>&amp;illu-</strong></span> 
     </span>
     <span class='ocr_line' id='line_1_36' title="bbox 248 4091 1402 4197; baseline -0.005 -26"><span class='ocrx_word' id='word_1_313' title='bbox 248 4091 318 4171; x_wconf 79' lang='lat' dir='ltr'><strong>stre</strong></span> <span class='ocrx_word' id='word_1_314' title='bbox 334 4093 564 4194; x_wconf 71' lang='lat' dir='ltr'><strong>noemnsuttnt.</strong></span> <span class='ocrx_word' id='word_1_315' title='bbox 591 4119 624 4193; x_wconf 82' lang='lat'><strong>3.</strong></span> <span class='ocrx_word' id='word_1_316' title='bbox 642 4095 806 4191; x_wconf 79' lang='lat' dir='ltr'><strong>Denique</strong></span> <span class='ocrx_word' id='word_1_317' title='bbox 820 4093 858 4173; x_wconf 88' lang='lat' dir='ltr'><strong>in</strong></span> <span class='ocrx_word' id='word_1_318' title='bbox 872 4113 967 4171; x_wconf 83' lang='lat' dir='ltr'><strong>voce</strong></span> <span class='ocrx_word' id='word_1_319' title='bbox 986 4121 1086 4197; x_wconf 65' lang='lat' dir='ltr'><strong>ponam</strong></span> <span class='ocrx_word' id='word_1_320' title='bbox 1097 4093 1214 4171; x_wconf 77' lang='lat' dir='ltr'><strong>dceffc</strong></span> <span class='ocrx_word' id='word_1_321' title='bbox 1235 4120 1276 4188; x_wconf 79' lang='lat' dir='ltr'><strong>a,</strong></span> <span class='ocrx_word' id='word_1_322' title='bbox 1291 4095 1402 4168; x_wconf 80' lang='lat' dir='ltr'><strong>adeo·</strong></span> 
     </span>
     <span class='ocr_line' id='line_1_37' title="bbox 1084 4210 1398 4288; baseline -0.01 -22"><span class='ocrx_word' id='word_1_323' title='bbox 1084 4263 1085 4266; x_wconf 8' lang='lat' dir='ltr'><strong><em>a</em></strong></span> <span class='ocrx_word' id='word_1_324' title='bbox 1329 4210 1398 4288; x_wconf 88' lang='lat' dir='ltr'><strong>que</strong></span> 
     </span>
    </p>
   </div>
   <div class='ocr_carea' id='block_1_12' title="bbox 0 0 2004 5159">
    <p class='ocr_par' dir='ltr' id='par_1_13' title="bbox 0 0 2004 5159">
     <span class='ocr_line' id='line_1_38' title="bbox 0 0 2004 5159; baseline 0 0"><span class='ocrx_word' id='word_1_325' title='bbox 0 0 2004 5159; x_wconf 95' lang='lat' dir='ltr'><strong> </strong></span> 
     </span>
    </p>
   </div>
  </div>
 </body>
</html>
