3984 5159
536 525 613 603 ιφ
709 482 1539 571 connanrnmus

539 692 635 792 cat.)
657 706 688 763 et
704 688 830 787 iudicia
845 702 906 759 tua
922 690 1003 761 milri
1021 681 1137 782 copiose
1154 680 1304 779 adfluunt
1320 682 1519 780 [materiam
1536 684 1705 780 laudatio·

540 794 595 868 nis
623 791 708 863 milri
734 787 954 861 abundanter
978 790 1177 877 praebeant,
1200 806 1327 876 meque
1358 785 1483 875 quovis
1518 786 1615 857 bono
1639 789 1703 860 do·

540 908 649 972 nent,
676 886 748 959 five
764 888 886 977 iuditia
900 901 979 966 tua,
1007 885 1132 975 quibus
1147 884 1286 974 praemia
1307 881 1341 951 dt
1356 902 1489 974 poenas
1503 882 1699 977 dispensas,

538 986 613 1059 five
631 990 712 1080 jura
733 1003 813 1066 tua,
838 980 927 1073 justa
942 988 974 1052 dt
990 1002 1108 1071 aequa,
1136 1004 1155 1051 a
1173 1001 1228 1051 me
1245 978 1485 1064 observanda,
1501 979 1537 1053 u
1556 982 1703 1055 medita·

538 1086 642 1159 tione
658 1086 694 1153 in
711 1082 853 1151 succum
871 1078 903 1149 u
921 1076 1122 1173 sanguinem
1139 1079 1322 1149 vertenda.
1375 1074 1467 1149 Eum
1487 1080 1581 1149 enim
1599 1080 1698 1154 verbi

539 1208 589 1267 'lm
614 1172 865 1274 signific'ltum,
891 1177 926 1247 in
941 1172 1059 1342 copiopo
1069 1172 1169 1267 fluxu
1187 1173 1309 1261 snum,
1328 1173 1437 1248 modo
1451 1176 1696 1270 observatum,

450 1339 453 1344 .
538 1276 598 1348 hic
620 1272 899 1369 adoptaverint.)
950 1305 984 1369 y.
1048 1278 1132 1343 ertia
1146 1272 1297 1365 denique
1314 1272 1488 1363 petitione
1506 1274 1626 1347 omnia
1640 1277 1699 1346 de·

538 1370 661 1445 lideria
682 1368 953 1462 compleuitur,
995 1370 1260 1455 &concludit,
1301 1367 1390 1442 vers.
1418 1376 1495 1459 ¹7⁶·
1532 1369 1696 1445 Olerraui

539 1468 645 1560 instar
658 1476 731 1559 ouis
742 1474 930 1565 prrtnntis,
954 1473 1081 1563 require
1086 1467 1224 1562 servum
1243 1482 1357 1555 tuum,
1377 1470 1452 1563 quia
1466 1481 1698 1563 praceptorum

538 1580 668 1639 turriam
685 1592 748 1639 non
767 1565 838 1656 sum
861 1570 989 1639 ollitas.
1042 1568 1243 1653 Aberrant,
1276 1564 1535 1655 meoiudicio,
1567 1569 1626 1656 qui
1652 1566 1694 1639 ad
1727 1586 1730 1592 ·

536 1668 706 1739 moralem
734 1666 994 1738 aberrationem
1016 1682 1037 1733 a
1059 1665 1115 1735 via
1131 1663 1277 1755 ¹virtutis
1299 1662 1331 1734 dt
1357 1662 1496 1754 pietatis
1512 1660 1693 1753 referunt,

536 1764 618 1854 quia
633 1780 731 1837 totus
748 1763 796 1834 Ps.
814 1762 1032 1834 contrarium
1062 1760 1184 1856 spiram
1201 1757 1311 1852 ipsum
1330 1758 1415 1830 illud
1429 1762 1578 1831 alenam
1592 1784 1614 1831 a
1628 1766 1694 1859 lege

510 1869 513 1876 ’
532 1858 606 1933 Dei
630 1861 706 1934 ase
729 1873 912 1941 removet,
938 1856 1030 1931 vers.
1056 1880 1132 1931 ιω.
1157 1856 1287 1930 &mox
1305 1856 1422 1944 addit,
1448 1856 1482 1928 se
1499 1876 1693 1951 praecepto·

533 1978 614 2030 rum
634 1957 700 2029 Dei
718 1960 752 2038 in
771 1954 842 2046 ipsa
856 1954 920 2025 hac
936 1955 1166 2027 oberratione
1180 1953 1280 2026 fuisse
1297 1952 1690 2049 studiosumtadeoque

533 2049 663 2124 redlius
694 2049 904 2135 instituunt,
943 2048 1003 2141 qui
1031 2049 1076 2119 de
1099 2048 1187 2122 statu
1207 2050 1408 2123 calamitoso
1432 2051 1466 2123 dt
1490 2053 1690 2146 periculoso

534 2148 715 2241 cogitant,
742 2167 815 2241 quo
839 2145 914 2239 quis
933 2166 953 2216 a
974 2144 1140 2220 societate
1162 2148 1259 2219 civili
1281 2145 1315 2217 dt
1337 2145 1494 2244 religiosa
1516 2148 1689 2243 reseslus,

533 2244 701 2339 domo&
729 2244 856 2336 opibus
882 2242 1063 2333 excussus,
1092 2244 1235 2319 incertis
1260 2242 1394 2317 sedibus
1414 2249 1689 2339 quaquaversum

533 2362 703 2439 vagatur,
729 2342 764 2417 δι
786 2343 963 2435 quibusvis
988 2342 1244 2415 discriminibus
1262 2342 1364 2429 vitae,
1389 2362 1430 2414 ac
1445 2340 1598 2419 hostium
1613 2345 1688 2420 inst·

530 2440 619 2521 diis,
637 2439 687 2513 est
708 2440 905 2533 expositus,
929 2437 1034 2512 instar
1053 2443 1146 2529 ovis,
1160 2460 1181 2510 a
1197 2459 1304 2534 grege
1320 2438 1354 2510 u
1369 2440 1467 2512 caula
1482 2442 1626 2533 avulsae,
1653 2444 1687 2519 dt

528 2538 677 2633 pastoris
700 2541 912 2625 curaorbae,
945 2536 1165 2624 oberrantis,
1191 2535 1225 2609 dt
1247 2534 1350 2608 variis
1368 2537 1481 2610 modis
1503 2538 1606 2611 facile
1620 2526 1681 2631 p'e.

529 2635 664 2707 riturae.
713 2635 785 2733 Qui
806 2634 912 2709 status
935 2633 1079 2725 Davidis
1101 2633 1173 2708 fuit
1194 2645 1357 2727 tempore
1375 2633 1467 2730 fugae
1481 2635 1541 2709 sub
1555 2636 1680 2713 Saulo:

530 2731 584 2801 uti
600 2728 748 2803 constat.
802 2730 890 2803 Opis
903 2748 1023 2803 autern
1041 2758 1100 2804 mn
1124 2728 1193 2817 est,
1212 2732 1248 2804 vi
1269 2730 1393 2821 verbi,
1410 2734 1509 2822 cujus
1523 2737 1684 2828 proprie·

530 2836 585 2897 tas
610 2822 662 2894 est
687 2828 720 2897 in
740 2824 898 2915 scando,
925 2824 1140 2916 scindendo,
1163 2827 1258 2903 &ita
1273 2831 1559 2923 corrumpendo,
1587 2832 1683 2925 quod

483 2961 487 2966 ·
525 2921 599 3016 jam
612 2922 760 2996 ,notavit
774 2922 864 2997 Rev.
881 2923 1040 2999 Abresch
1055 2956 1099 3016 a,
1125 2948 1221 3020 quae,
1238 2926 1292 2999 uti
1305 2925 1478 3017 observo,
1504 2926 1682 3023 superest,

526 3018 661 3096 Ezech.
685 3039 737 3093 vt:
760 3020 1061 3112 3.&Ps.xxx11:
1088 3044 1140 3114 13.
1172 3046 1266 3115 quae,
1299 3042 1340 3097 ut
1361 3024 1449 3111 dixi,
1482 3046 1502 3099 a
1522 3029 1681 3124 grege&

526 3120 627 3193 caula
645 3116 783 3214 refesia,
816 3134 961 3213 vagatur
985 3118 1055 3193 stne
1082 3117 1239 3214 pastore,
1274 3138 1315 3193 ac
1334 3120 1438 3194 facile
1460 3125 1626 3197 laceratur
1639 3147 1682 3201 ac

524 3218 631 3313 perit.
682 3214 776 3290 Cum
795 3232 916 3290 autem
939 3212 1131 3310 supplicat,
1162 3233 1200 3292 ut
1222 3218 1322 3291 Deus
1345 3218 1455 3313 ipsum
1472 3236 1616 3315 querat,
1641 3224 1679 3296 li·

525 3316 750 3391 berarionenr
773 3315 818 3387 ab
832 3310 1024 3402 noestam,
1051 3312 1357 3391 &restitutionem
1373 3318 1584 3411 plenariam,
1612 3344 1679 3415 qua

523 3412 664 3489 intuto
688 3414 907 3507 collocatus,
934 3411 1092 3507 societati
1120 3411 1278 3485 cirillae
1305 3413 1473 3512 religiosae
1497 3417 1676 3507 redditus,

524 3508 717 3587 secundum
742 3528 828 3586 vota
851 3514 997 3600 vivere,
1032 3512 1065 3585 dt
1084 3512 1188 3586 bonis
1205 3509 1371 3604 promissis
1396 3510 1457 3587 sub
1480 3518 1591 3587 tutela
1608 3516 1678 3589 Dei

489 3681 493 3690 ,
523 3606 678 3703 gaudtne
698 3608 815 3702 posit,
841 3632 924 3684 eum
951 3612 987 3685 in
1010 3610 1122 3684 oculis
1145 3606 1329 3697 habuisse,
1347 3608 1450 3683 facile
1471 3628 1589 3704 patet3
1607 3636 1675 3687 nee

437 3786 443 3791 ,
522 3702 694 3877 ἓὺετὶξη
725 3708 964 3801 explicatione
997 3728 1088 3801 opus
1118 3707 1236 3781 habet.
1269 3704 1376 3782 Cons.
1403 3706 1474 3802 Jer.
1506 3710 1674 3785 nnn&

556 3821 620 3875 zet
645 3821 787 3878 .xmv.
1385 3854 1388 3861 ·

563 3916 750 4008 aeSpecim.
773 3919 890 3997 Philol.
914 3923 956 3995 ad
979 3918 1086 3995 obad.
1113 3939 1142 3993 1.
1166 3942 1201 4015 p.
1227 3924 1281 3993 88.

1337 4075 1353 4087 ”
1471 4104 1670 4185 assunt.
