3984 5159
588 567 656 646 sm
761 527 1582 644 COMMENTARIUS

588 769 645 847 29·
657 817 658 822 ,
671 739 832 816 Celebrate
861 711 1057 830 Jebesr‘aen,
1092 728 1172 822 qaia
1190 726 1289 798 bonus
1308 719 1353 817 est
1369 735 1397 813 ,'
1418 725 1499 818 qnia
1519 725 1557 797 ier
1576 715 1749 800 atonem,

685 848 868 944 benignitas
885 842 968 937 ejus.

653 1065 1700 1276 euoenoomeun.

1116 1461 1160 1553 Β.
1193 1457 1222 1537 l.

543 1677 550 1686 ·
670 1657 888 1738 raeelarillimi
918 1657 1021 1751 hujus
1050 1657 1181 1732 cantici
1202 1666 1451 1753 argumentum
1473 1647 1525 1730 est
1548 1655 1673 1751 partim
1699 1677 1753 1730 eea

594 1665 897 1858 Pebarifie'cum
938 1755 972 1828 de
1015 1755 1262 1843 laudatorium,
1308 1751 1437 1846 partim
1470 1758 1755 1849 gratulatorium,

595 1879 667 1954 quo
687 1855 827 1930 illustris
850 1851 1002 1948 persona
1023 1852 1061 1924 in
1082 1849 1220 1925 scenam
1241 1849 1387 1943 prodit,
1428 1853 1544 1924 omnis
1565 1851 1756 1949 generis&

595 1955 728 2030 ordinis
750 1951 943 2038 homines,
975 1947 1167 2022 Eccleliam
1195 1947 1231 2020 de
1253 1947 1425 2040 populum
1447 1947 1519 2021 Dei
1539 1945 1757 2022 constituen-

597 2067 679 2142 tes,
730 2049 923 2136 lsraelem,
969 2044 1116 2119 domum
1143 2043 1294 2118 Aaronis
1320 2043 1356 2118 &
1383 2043 1551 2120 timentes
1578 2043 1756 2138 jehovae,

598 2149 643 2220 ed
673 2145 819 2220 solenne
845 2141 932 2214 illud
960 2161 1128 2229 carmen,
1159 2141 1246 2214 laetis
1274 2139 1493 2234 temporibus
1532 2141 1645 2215 occini
1677 2138 1757 2213 soli·

531 2236 535 2248 ’
598 2257 707 2328 tum,
745 2243 869 2312 bonitas
900 2235 944 2320 i?
969 2242 1095 2334 gretia,
1113 2239 1183 2328 ejus
1209 2243 1246 2310 in
1271 2251 1466 2326 aeternam,
1506 2257 1604 2312 nunc
1630 2257 1759 2312 canen·

601 2337 686 2414 dum
708 2337 889 2424 excitans,
921 2331 1051 2408 deinde
1072 2333 1230 2409 rationes
1250 2334 1379 2418 laetitiae
1398 2333 1650 2410 &laudationis
1665 2333 1759 2424 Dei,

601 2457 623 2510 a
642 2429 804 2532 singulari
828 2433 1076 2520 liberationis,
1105 2453 1187 2506 cum
1206 2429 1361 2506 hostium
1379 2431 1529 2526 mirabili
1552 2432 1651 2505 clade
1673 2453 1759 2506 con·

599 2529 748 2626 junblae,
773 2527 974 2618 beneficio,
1000 2527 1116 2603 aDeo
1132 2528 1227 2602 inter
1246 2527 1359 2602 multa
1381 2529 1552 2621 potentie
1572 2527 1641 2603 sue
1665 2527 1689 2602 li

600 2632 638 2706 in
661 2629 696 2705 se
720 2644 758 2704 et
779 2626 983 2703 universum
1006 2627 1180 2722 populum
1206 2625 1360 2714 collato,
1392 2624 1541 2719 petitas,
1573 2626 1690 2724 magni
1715 2645 1759 2698 ce

602 2749 771 2802 enarrans
792 2739 829 2797 et
849 2723 1053 2810 extollens,
1083 2723 1234 2816 denique
1260 2720 1394 2795 aditum
1416 2721 1459 2794 ad
1480 2721 1761 2813 eedem-sacram,

603 2839 647 2897 ut
674 2823 795 2894 Deum
821 2820 870 2892 ibi
897 2818 1022 2892 adoret
1044 2832 1083 2891 et
1106 2819 1229 2907 colat,
1262 2816 1324 2890 fibi
1345 2816 1537 2892 solenniter
1558 2817 1762 2896 faciendum
1869 2832 1875 2844 ’

604 2942 626 2994 a
662 2916 764 2992 sacris
800 2914 986 3009 personis,
1035 2927 1074 2988 et
1109 2913 1254 3007 Templi
1288 2912 1519 3007 custodibus,
1570 2915 1761 3011 postulans.

604 3013 676 3090 Cui
704 3011 784 3110 ipl'ae
814 3013 880 3086 illae
912 3013 1073 3110 personae
1101 3009 1206 3085 lacrae
1235 3011 1376 3104 publice
1396 3015 1563 3088 summam
1585 3013 1765 3090 excelleo·

603 3114 693 3189 tiam
724 3125 762 3188 et
790 3111 1090 3206 prosperitatem,
1127 3107 1330 3184 mirabiliter
1355 3126 1481 3184 contra
1502 3112 1763 3186 malevolorum

603 3229 697 3288 vota
725 3225 762 3300 et
783 3206 970 3286 conamina
987 3203 1138 3295 iniiam,
1163 3205 1404 3304 gratulantur,
1444 3219 1484 3281 et
1501 3209 1631 3300 quevis
1654 3205 1764 3282 inusta

604 3333 626 3384 a
660 3309 742 3386 Deo
772 3307 1036 3404 adprecantur:
1075 3304 1216 3400 quando
1247 3302 1395 3396 persona
1421 3302 1558 3377 illustris
1579 3306 1622 3379 ad
1643 3303 1763 3379 Deum

606 3406 824 3483 laudandum
850 3422 888 3480 et
913 3427 1039 3480 omnes
1061 3404 1103 3477 ad
1119 3404 1155 3476 id
1170 3401 1373 3478 excitandos
1389 3401 1502 3492 redit,
1525 3403 1617 3477 etin
1633 3423 1679 3476 eo
1694 3421 1766 3477 ter-

540 3517 542 3522 ·
609 3505 926 3580 minat·soleonem
952 3501 1192 3579 huncarium.
1833 3571 1836 3576 .

514 3655 532 3676 s
550 3605 579 3617 ''
659 3605 693 3688 §.
709 3599 753 3673 ll.
778 3601 835 3675 Ad
857 3602 1057 3700 argumenti
1079 3602 1276 3697 pleniorem
1299 3598 1543 3688 intelleblum‚
1577 3615 1615 3677 et
1637 3621 1766 3673 verum

607 3694 839 3788 conspeetun
853 3699 887 3772 in
903 3701 983 3776 luce
997 3697 1266 3787 collocandum,
1290 3695 1389 3772 facit,
1441 3719 1471 3770 1.
1497 3698 1683 3773 Personam
1697 3694 1769 3770 elle

604 3791 809 3880 illustrem,
848 3797 1050 3884 publicam,
1088 3795 1126 3868 in
1159 3791 1329 3868 summam
1355 3793 1559 3890 dignitatem
1583 3794 1768 3881 evellam3

608 3893 668 3984 cuj
677 3909 787 3986 usque
819 3890 978 3966 liberatio
1011 3907 1050 3965 et
1075 3887 1165 3966 salus
1185 3911 1266 3963 cum
1291 3891 1399 3965 totius
1423 3895 1544 3986 populi
1567 3915 1605 3968 et
1627 3891 1714 3986 reip.
1734 3913 1772 3962 e-

609 4005 666 4063 rat
698 3981 917 4074 conjundba3
957 3987 1141 4081 personam
1172 3987 1324 4080 denique
1358 3989 1535 4084 religionis
1564 4008 1601 4066 et
1631 3987 1771 4085 pietatis

611 4085 730 4162 studio
748 4082 965 4182 flagrantem.
1015 4084 1088 4182 Qui
1110 4083 1327 4162 characteres
1347 4107 1391 4161 ex
1413 4085 1464 4162 Ps,
1484 4086 1554 4162 sese
1572 4088 1697 4183 sponte
1716 4085 1775 4157 sua

678 4225 684 4237 ²
1603 4184 1773 4270 offerunt.
