3984 5159
336 635 412 694 an
492 613 520 690 1³
575 610 600 689 s
647 611 685 690 a
730 611 763 689 L
809 611 866 691 rr.
937 611 1161 701 cxxarrt:
1183 643 1241 718 14.
1307 599 1418 731 53,

220 829 299 889 tum
313 806 593 905 conceptionem
610 801 878 880 &nativitatem
892 801 1011 898 suam,
1026 830 1126 900 quaa
1140 809 1243 886 malla
1257 813 1376 889 matris

220 909 374 985 resettus
399 907 495 995 fuit,
526 901 587 976 led
609 901 643 974 δι
666 901 742 995 eius
762 900 934 1000 smgulare
958 904 992 977 dt
1019 903 1231 998 stupendum
1254 913 1377 986 conse,

219 1030 335 1102 quens
354 1007 389 1081 δι
409 999 631 1098 adjundlum,
657 1021 731 1091 quo
747 1021 768 1073 a
782 1001 1001 1093 reliquorum
1015 1001 1198 1080 hominum
1214 1028 1374 1085 commu·

217 1108 333 1181 nitate
361 1103 433 1176 fuit
465 1097 599 1194 rescitur
619 1117 684 1189 per
703 1094 916 1171 electionem
937 1114 975 1170 et
997 1097 1308 1179 sanitificationern
1330 1104 1375 1180 ad

219 1203 430 1300 fingularem
449 1195 717 1292 praerogativam
740 1210 778 1268 et
798 1195 1005 1290 dignitatem
1015 1192 1114 1287 servi
1135 1198 1225 1272 Dei:
1252 1221 1379 1294 quemi

114 1302 116 1349 ἱ
220 1299 415 1375 admodum
432 1294 599 1389 Jeremr'as
613 1290 744 1364 dicitur
750 1287 977 1387 sanitificotas
991 1290 1103 1366 aDeo
1117 1308 1289 1390 antequam
1305 1311 1375 1374 ate.

114 1402 116 1450 z
220 1421 259 1470 ro
274 1402 377 1469 exiret
400 1415 431 1466 c.
452 1413 483 1466 1:
505 1411 539 1480 ς.
568 1389 747 1463 &Paulus
768 1391 808 1462 ab
829 1404 919 1462 utero
938 1389 1236 1486 matrirseparatas
1253 1415 1273 1466 a
1288 1391 1374 1471 Deo

222 1494 268 1566 ad
281 1489 535 1588 apostolatum,
566 1485 647 1560 Gal.
666 1505 694 1558 1:
721 1503 777 1574 15.
825 1483 941 1585 Quam
962 1486 1139 1579 emphasin
1156 1487 1285 1583 phrasis
1300 1510 1375 1567 om·

221 1592 312 1664 nino
334 1584 501 1680 requirit,
523 1598 560 1657 et
575 1582 726 1656 verbum
742 1585 857 1671 raher,
879 1598 917 1656 et
938 1584 1125 1677 epitheton
1150 1615 1258 1660 oraro.
1285 1585 1373 1662 Ver-

221 1688 310 1759 bum
338 1690 431 1760 vvhor
457 1702 532 1756 non
553 1677 623 1767 cst,
649 1693 690 1750 ut
717 1679 831 1772 accipi
851 1679 961 1768 solet,
995 1683 1156 1754 mirabilis
1187 1682 1289 1773 sum,
1315 1686 1377 1758 vel

223 1781 333 1856 latiur
353 1797 414 1855 aut
434 1779 609 1853 formatus
632 1773 729 1864 sum,
741 1827 746 1836 -
760 1791 824 1850 aut
840 1777 878 1849 in
891 1777 1159 1854 admirationem
1174 1779 1375 1872 coniectus,

182 1897 187 1904 ·
222 1880 282 1955 vel
297 1900 339 1951 ea
353 1875 510 1952 adfetius
523 1874 620 1962 sum3
647 1893 725 1964 qua
738 1870 809 1945 huc
826 1873 1106 1966 nonquadrant,
1137 1899 1206 1950 nec
1224 1881 1376 1956 verbum

112 1976 117 2045 l
219 1991 282 2051 aut
299 1976 487 2069 epitheton
500 1969 659 2045 additum
671 1969 764 2057 fert,
790 1969 851 2043 sed
864 1972 1008 2065 proprie
1021 1971 1153 2068 cesetius
1167 1973 1265 2061 sum,
1291 1975 1373 2050 inde

112 2097 116 2145 r
174 2063 184 2087 ‘
212 2074 387 2169 fiparetus
410 2071 506 2157 sum,
530 2071 566 2143 in
590 2065 708 2161 specie
731 2080 897 2158 tanquam
919 2069 1003 2144 Deo
1019 2072 1164 2162 charus,
1190 2072 1285 2146 etad
1302 2075 1375 2146 exi·

112 2197 115 2241 ;
174 2215 180 2225 ·
221 2171 328 2244 rniam
349 2166 481 2242 sortem
501 2164 703 2240 destinatus.
754 2163 866 2239 Radix
888 2171 977 2257 aha,
1002 2167 1061 2242 hic
1075 2171 1310 2261 admittenda,
1334 2187 1374 2248 et
1508 2211 1510 2218 =

113 2274 114 2277 ‘
221 2288 296 2341 non
316 2269 404 2354 eho,
427 2265 514 2339 licet
535 2264 573 2336 in
593 2261 730 2356 origine
747 2262 904 2354 ejusdem
919 2264 1069 2353 valoris,
1093 2261 1235 2361 proprie
1249 2266 1374 2364 fignifi-

113 2434 114 2439 Ν
221 2377 280 2438 cat
284 2360 421 2456 secare,
447 2359 611 2455 resecare,
634 2358 716 2432 inde
723 2356 899 2454 separare,
918 2360 955 2434 in
968 2359 1084 2454 specie
1098 2380 1236 2454 partem
1252 2365 1374 2439 eximi·

222 2482 280 2535 am
302 2473 341 2532 et
363 2457 592 2544 nobiliorem
633 2453 696 2530 Ex.
711 2475 845 2530 araur:
876 2459 932 2531 16.
963 2469 1052 2531 trahor
1071 2455 1179 2553 ceseth·
1190 2455 1310 2551 samur
1333 2465 1373 2534 alr

222 2561 311 2630 omni
326 2558 441 2652 populo
449 2553 551 2650 super
575 2566 687 2642 terro,
718 2551 851 2626 scilicet
872 2553 954 2627 inde
966 2552 1117 2649 separati
1135 2570 1173 2630 et
1186 2558 1370 2650 excerpti,

219 2664 385 2747 tanquam
403 2654 565 2749 peculium
587 2649 676 2722 Dei:
701 2648 797 2724 unde
811 2650 947 2726 transiit
961 2650 1005 2723 ad
1019 2655 1191 2739 eximium,
1208 2673 1281 2745 prae
1294 2654 1371 2732 aliie

219 2752 386 2837 charum,
411 2764 449 2823 et
469 2753 506 2824 in
529 2748 648 2842 pretio
671 2746 851 2836 habitum,
876 2745 972 2839 quod
993 2749 1038 2821 ab
1052 2747 1306 2846 aliisseparari,
1332 2761 1372 2827 et
1418 2787 1423 2826 ι

222 2847 317 2942 quali
341 2844 496 2940 resecari,
529 2843 633 2918 solet.
691 2843 903 2934 Huiusmodi
913 2841 1154 2940 separationem
1179 2844 1229 2920 sui
1252 2847 1311 2921 hic
1330 2848 1370 2925 in

223 2945 334 3020 oculis
352 2944 477 3018 habuit
498 2938 635 3029 David,
666 2940 815 3014 naturali
834 2940 1019 3036 restituat,
1056 2939 1117 3018 seu
1140 2947 1369 3038 conceptioni

219 3057 259 3116 et
273 3041 449 3116 nativitati
461 3037 613 3112 additam
631 3037 852 3135 exungulari
868 3037 938 3112 Dei
952 3039 1080 3137 gratia,
1095 3045 1194 3136 cujus
1208 3043 1278 3116 hoc
1291 3041 1370 3136 ipso

218 3143 333 3214 verbo
353 3136 536 3224 meminit,
560 3132 612 3209 Ps.
628 3151 679 3210 lv:
700 3156 736 3226 4.
768 3135 909 3227 Scitote,
934 3134 1161 3238 quodJehoqa
1176 3139 1368 3230 resecuerit,

216 3237 280 3312 seu
305 3235 548 3329 separaverit,
580 3247 641 3306 aut
664 3231 879 3323 emeruerit,
908 3232 974 3326 fili
991 3240 1103 3329 pium,
1136 3234 1368 3310 devotum&

215 3334 385 3408 eximium
390 3329 550 3426 seruum:
576 3353 653 3425 quae
667 3331 703 3404 in
718 3331 837 3424 primis
855 3333 1028 3419 celebrari,
1043 3349 1207 3428 tanquam
1224 3330 1370 3430 singula.

182 3463 185 3468 ·
217 3453 260 3506 re
280 3427 514 3515 beneficium,
546 3429 770 3516 merebatur,
802 3428 836 3501 u
860 3429 919 3502 cui
942 3429 1129 3522 epitheton
1153 3431 1259 3503 etiarn
1276 3445 1373 3503 vera·

216 3528 370 3624 emphasi
392 3525 587 3608 convenit,
613 3547 707 3597 voce
732 3551 837 3598 hrain.
850 3527 1108 3610 vibrationibus,
1142 3524 1202 3598 seu
1223 3533 1369 3601 tremori·

217 3631 300 3713 hur,
324 3647 392 3720 pro
409 3616 1254 3715 vibrantiffime,seuterribiliffin1e,exprell'um.
1279 3623 1366 3700 Vox

216 3727 314 3798 enim
338 3722 396 3793 illa
415 3721 492 3808 hic,
514 3733 556 3793 ut
569 3715 708 3811 saepelit
720 3719 757 3792 in
772 3717 922 3810 Script,
936 3717 1182 3808 adverbialiter
1200 3719 1367 3796 sumenda

215 3819 289 3910 est,
314 3818 410 3913 quod
430 3816 480 3890 est
503 3817 720 3890 tralaticium.
769 3813 882 3889 Radix
896 3840 943 3890 aa·
956 3817 1100 3911 proprie
1117 3817 1201 3892 dicit
1215 3823 1366 3912 vibrari,

217 3921 255 3991 dc
274 3917 426 3991 tremulo
449 3912 543 4010 quali
561 3928 665 3988 motu
680 3912 822 4012 agitari,
846 3913 942 3987 unde
963 3914 1008 3986 ad
1031 3920 1175 3987 timorem
1197 3937 1237 3988 ac
1252 3933 1365 3991 tremo·
1445 3971 1448 3976 ,

218 4039 287 4087 rem
312 4011 465 4098 tranfiit,
497 4013 533 4085 dt
552 4009 694 4104 quidem
718 4013 893 4105 mojorem,
923 4011 985 4101 qui
1009 4011 1166 4105 quatit&
1190 4017 1363 4092 concutit.
1460 4020 1462 4028 ’

218 4112 278 4188 Sic
297 4137 361 4188 aar
385 4111 569 4198 uerendus,
604 4110 798 4280 tremenda}3
807 4106 1019 4201 adpellatur,
1045 4111 1213 4208 proprie,
1240 4113 1366 4185 cuiod·

807 4225 928 4302 eee3
1241 4214 1368 4283 tremis.
