3984 5159
410 568 479 632 rs
550 547 736 630 rsa
782 545 816 626 a
860 511 1296 658 m'cxxx11217.
1367 589 1444 668 44,
1601 522 1603 532 ⁴

281 761 386 840 qnam
406 744 443 818 in
458 763 578 841 regno
598 736 788 834 tranquille
808 734 974 836 degeret,
999 744 1077 837 puio
1090 755 1128 816 tu
1140 745 1370 846 lucereferisti
1388 754 1440 830 lu-

280 865 411 918 cernam
426 865 528 914 meum
545 842 613 915 dac.
1344 927 1348 932 ¹

328 945 361 1030 5.
375 939 517 1013 XXXll.
544 937 699 1014 Lucerna
712 939 832 1032 itaque
848 935 996 1028 domus,
1022 935 1212 1036 ampuri,
1227 946 1301 1039 ejus
1316 947 1437 1030 laetum

276 1036 551 1210 ffistpmspegum
575 1035 703 1209 garum
726 1035 908 1151 expingit,
931 1034 976 1204 fic
1001 1034 1038 1109 ln
1050 1039 1176 1208 Ilgecie
1193 1043 1381 1210 pggsonam
1397 1048 1440 1119 il-

269 1156 436 1306 sulb'rdlelt.
447 1158 472 1210 0
485 1156 591 1329 Qddu
597 1157 658 1306 321
667 1149 795 1344 {igidi}
812 1153 905 1304 edd?
919 1148 1178 1342 gmfflmatnugrsr
1187 1156 1314 1326 ducitzt
1321 1143 1437 1332 ἠυξ

276 1353 326 1430 pe
349 1352 422 1425 quo
441 1329 573 1426 gloria,
598 1328 829 1423 prosperitas,
861 1327 899 1403 de
924 1327 1045 1402 laetltla
1067 1327 1158 1406 solet
1179 1328 1341 1431 depingi;
1382 1336 1438 1410 uti

277 1444 412 1510 notum
430 1424 496 1502 est.
553 1423 724 1502 Ceterum
745 1423 955 1502 emblemata
968 1449 1067 1500 cornu
1082 1426 1118 1500 dt
1136 1432 1273 1505 lucerne
1288 1431 1437 1525 conjun-

329 1542 435 1613 ntur,
460 1538 502 1598 ut
524 1521 570 1596 de
592 1520 825 1618 potentiffima
846 1520 947 1596 ssmul
965 1544 1007 1597 ac
1027 1523 1291 1617 splendidillima
1305 1529 1339 1602 u
1352 1552 1434 1624 pro·

295 1623 451 1720 perrima
470 1619 710 1718 cogitaremus
729 1618 958 1709 conditione;
990 1620 1166 1715 nobisque
1186 1623 1375 1717 personam
1392 1627 1433 1700 il·

278 1721 425 1798 lustrem
445 1719 508 1792 ob·
519 1717 645 1794 oculos
660 1737 896 1814 poneremus,
915 1739 991 1811 quae
1005 1716 1218 1794 fortitudine
1234 1719 1270 1794 dt
1287 1726 1433 1799 benedi·

276 1818 397 1898 arone
417 1814 543 1893 vestita
563 1819 740 1910 populum
759 1817 891 1901 beare,
913 1815 949 1888 or
965 1817 1004 1890 in
1023 1813 1123 1906 felici
1137 1813 1229 1892 statu
1244 1821 1337 1896 tueri
1352 1843 1432 1915 pos·

272 1917 339 2008 fit,
370 1917 501 2008 amque
528 1911 710 1987 urhostes
730 1933 815 1988 eum
835 1912 981 1988 turbare
1002 1930 1156 2007 queant,
1182 1915 1244 1990 vel
1265 1917 1431 1996 audeant.

273 2013 409 2116 Quales
431 2008 633 2106 Majestaoes
653 2009 733 2086 sunt
750 2029 834 2084 cnm
853 2031 974 2082 cunae
987 2032 1055 2105 per
1071 2010 1239 2088 summam
1254 2018 1430 2092 excellen-

273 2117 362 2190 tiam
377 2107 622 2204 &potentiam
635 2108 756 2182 omnia
769 2105 1026 2183 vincentem&
1060 2105 1429 2204 rosternentem‚tum

273 2213 438 2301 laruae,
455 2221 636 2301 'quatenus
657 2203 692 2278 &
713 2202 793 2300 ipse
815 2201 898 2276 sunt
918 2201 1015 2277 felici
1053 2227 1172 2281 maeac
1187 2208 1368 2305 gloriosa,
1393 2213 1429 2287 dt

274 2307 432 2403 populus
461 2325 525 2398 per
550 2299 638 2395 ipsas
664 2303 702 2376 in
722 2297 955 2397 prosperrima
976 2301 1183 2378 conditione
1205 2307 1427 2400 collocatur,

116 2418 120 2428 ’
273 2405 312 2478 oc
327 2402 459 2498 positus
481 2402 732 2491 conlervatur,
754 2397 887 2492 absque
904 2411 946 2473 ut
958 2396 1083 2494 alique
1097 2402 1253 2478 tenebre
1270 2423 1353 2481 eum
1366 2429 1426 2504 ap.

273 2499 498 2603 prehendere
513 2512 655 2594 queant.

321 2604 355 2690 b.
378 2606 537 2679 xxxin.
564 2595 754 2672 Videamus
775 2617 873 2674 nunc
894 2596 1039 2694 quidde
1053 2619 1154 2674 curru
1169 2597 1204 2672 dc
1218 2603 1351 2677 luera
1365 2600 1428 2677 hic
1468 2667 1474 2676 .
1632 2669 1635 2676 ,

236 2787 240 2794 ,
270 2697 454 2774 habeatur.
503 2693 639 2782 Cornu,
662 2693 747 2769 dicit
770 2694 888 2787 Deus,
920 2693 1165 2788 semitarum,
1191 2697 1428 2795 utexsplende·

258 2793 360 2890 seot,
381 2797 415 2868 dt
432 2798 595 2869 zucamm
611 2789 645 2864 se
659 2788 852 2888 disposuiffe.
878 2806 884 2812 ·
903 2791 1065 2871 Verbum
1081 2819 1147 2872 nna
1163 2795 1306 2890 proprie
1314 2797 1427 2894 splen·

272 2891 415 2988 deserte,
439 2886 705 2987 resplendescere,
733 2887 851 2966 sedem
871 2891 1003 2966 habens
1020 2893 1057 2968 in
1072 2898 1178 2968 nitore
1190 2891 1425 2990 despuentur,
1476 2973 1483 2982 ,

272 2987 334 3064 fed
354 2987 416 3064 usu
438 2985 604 3083 exprimit
624 2981 839 3084 efflorescere,
864 2985 1024 3083 soletque
1047 2987 1184 3088 usupari
1206 2990 1250 3064 de
1267 2999 1427 3090 germini-

269 3090 331 3162 lnu
353 3089 389 3162 dr
398 3083 508 3182 scetis,
532 3105 608 3180 quae
622 3104 697 3157 non
712 3097 886 3160 tantane
904 3099 999 3160 terra
1014 3089 1222 3185 prodeunt,
1248 3089 1309 3163 sed
1325 3091 1361 3163 in
1377 3090 1426 3163 lae

269 3195 343 3260 tam
358 3184 394 3257 δι
414 3186 520 3259 altam
541 3181 696 3280 segetem
710 3181 937 3272 excrescunt,
960 3181 1246 3280 splendidamque
1261 3187 1427 3280 praebent

267 3283 435 3378 speciem.
493 3279 563 3356 Hic
594 3300 678 3354 curn
708 3302 809 3352 cornu
827 3277 1072 3373 ,construitum
1109 3283 1206 3379 quod
1226 3279 1425 3378 efflorescere
1556 3320 1558 3332 ‹

266 3381 421 3470 dicitur,
444 3377 539 3471 quod
558 3375 773 3474 germinibus
794 3376 830 3450 δι
849 3375 926 3454 satis
950 3377 1141 3472 propriumx
1156 3377 1228 3468 est,
1262 3394 1303 3455 ut
1323 3381 1423 3454 attri-

267 3481 356 3555 buta
383 3474 543 3570 quaedam
564 3471 703 3546 seminis
724 3471 892 3562 Davidis,
923 3475 1136 3552 emblemate
1157 3475 1322 3574 germinis
1344 3499 1423 3556 non
1518 3519 1522 3528 .

267 3571 546 3670 comprehensa,
577 3571 625 3644 ob
646 3568 771 3644 oeulos
792 3583 1023 3662 ponerentur.
1081 3572 1282 3648 Miscentur
1302 3576 1423 3671 itaque

267 3675 346 3749 due
361 3670 574 3766 metaphorae
588 3668 625 3743 in
638 3667 704 3740 hac
718 3665 849 3761 phrafi,
863 3667 973 3744 altera
984 3673 1161 3766 germinis,
1177 3671 1284 3745 altera
1300 3695 1421 3768 cornu,

267 3771 304 3845 δι
334 3773 418 3845 loco
440 3767 606 3867 germinis
627 3765 755 3840 dicitur
780 3787 880 3840 curu
900 3769 1148 3860 exoriturum,
1184 3767 1218 3842 u
1243 3769 1280 3846 in
1309 3771 1422 3854 altum

269 3867 517 3943 lutreilurum.
570 3861 682 3962 Quod
699 3866 818 3958 itaque
838 3861 911 3957 Jer.
935 3885 1028 3938 xxm
1041 3863 1075 3939 da
1088 3883 1239 3942 xxxin.
1262 3891 1422 3965 germen,

145 4043 149 4046 ,
268 3968 366 4062 quod
389 3964 519 4040 Davidi
540 3959 790 4053 efflorescunt,
823 3961 1042 4055 adpellatur,
1066 3963 1152 4040 illud
1173 3963 1231 4039 hic
1244 3988 1422 4048 cunano·

268 4065 365 4144 mine
382 4060 587 4162 insignitum
623 4073 672 4176 ut·
685 4061 823 4156 originis
842 4059 1051 4236 elgllllavide
1074 4062 1244 4164 cogitatio
1257 4085 1333 4143 uon
1347 4084 1423 4146 tan-
1444 4097 1448 4108 ’

1346 4185 1425 4246 tum
1598 4207 1603 4218 ·
