3984 5159
530 527 618 607 792.
712 495 813 576 00
851 491 895 572 M
932 493 976 572 M
1014 425 1262 574 u'NTn
1299 492 1337 570 R
1381 491 1536 571 Ius

537 689 674 778 haeret,
713 686 831 760 virum
851 684 1002 778 aliquem
1029 683 1187 758 divinum
1212 683 1373 758 excitare
1401 686 1525 778 potuit
1554 680 1705 759 adhoc

541 789 718 862 canticum
741 783 961 872 faciendum,
986 798 1027 858 ut
1050 781 1153 854 facile
1168 783 1340 856 cernitur.
1392 783 1634 880 Quareineo
1648 804 1703 855 ae

591 905 763 958 rescimus.

542 907 622 1071 qu&
637 980 699 1054 lll.
726 979 845 1072 Scopas
869 976 940 1063 est,
965 976 1060 1050 unde
1084 975 1186 1049 facile
1207 976 1253 1048 de
1275 974 1337 1067 usu
1356 973 1528 1063 constat,
1579 999 1613 1050 r.
1630 997 1707 1050 om·

544 1099 628 1152 nem
655 1075 866 1170 prostituere
902 1073 1154 1159 idololatriam,
1191 1075 1336 1168 angelos
1364 1073 1400 1142 dt
1431 1090 1555 1146 totam
1583 1095 1705 1145 rerum

543 1190 724 1260 naturam,
735 1189 897 1261 tanquam
912 1184 1100 1258 creaturas,
1117 1169 1375 1243 introducendo
1387 1169 1431 1242 ad
1448 1169 1581 1244 Deum
1600 1169 1707 1243 lsrae-

545 1271 587 1344 lis
611 1267 819 1342 laudandum
842 1267 1010 1362 obligatas
1031 1267 1234 1360 &paratam
1268 1263 1364 1340 fimul
1388 1266 1565 1340 Israelem
1581 1270 1620 1340 in
1637 1266 1707 1339 fide

546 1366 623 1440 veri
651 1363 808 1438 &unius
830 1361 902 1436 Dei
922 1367 986 1437 lrac
1008 1365 1146 1437 ratione
1166 1359 1387 1437 confirmare.
1443 1388 1478 1436 2.
1500 1361 1711 1439 cnafidaeos

545 1465 584 1538 in
607 1481 732 1536 verum
754 1459 971 1536 intellectum
996 1461 1173 1534 felicitatis
1197 1461 1366 1552 temporis
1390 1459 1602 1553 presentis,
1635 1483 1709 1555 quo

515 1590 519 1602 ¹
547 1562 649 1638 Deus
669 1559 739 1632 sele
761 1558 872 1633 solum
897 1556 1199 1632 demonstraverat
1220 1555 1415 1642 excelsum,
1441 1559 1477 1630 ἃ
1498 1579 1625 1632 cornu
1647 1581 1713 1651 po·

575 1659 625 1732 uli
645 1656 838 1744 extulerat,
864 1655 1014 1742 ducere,
1040 1669 1205 1749 tanquam
1226 1655 1463 1747 praeparatorii
1482 1656 1530 1726 ad
1552 1678 1714 1729 conver-

549 1683 683 1830 Εοῃειῃ
706 1753 886 1851 gentium,
911 1753 1211 1826 &oeconomiam
1226 1749 1378 1837 Meffiae,
1401 1750 1553 1842 ejtrsque
1573 1755 1715 1827 emble·

550 1853 653 1930 matis
675 1850 709 1924 δι
732 1850 830 1944 typi;
853 1847 993 1943 quando
1009 1864 1084 1922 tota
1097 1869 1214 1922 rerum
1231 1865 1355 1921 natura
1366 1846 1409 1918 ad
1426 1847 1548 1920 Deum
1564 1850 1717 1924 laudan·
1805 1848 1810 1877 ²

552 1950 637 2026 durn
661 1949 884 2021 excitaretur.
950 1967 982 2038 3.
1013 1943 1085 2018 Eos
1115 1963 1284 2037 praeterea
1308 1946 1343 2016 in
1372 1941 1441 2015 fide
1468 1943 1590 2038 &spe
1619 1949 1715 2019 illius
1806 2004 1810 2019 .

554 2044 725 2138 temporis
747 2040 976 2132 confirmare,
1006 2041 1104 2117 &ad
1124 2043 1209 2114 illud
1231 2062 1447 2140 praeparare,
1480 2057 1521 2114 ut
1544 2044 1716 2118 Messiam

556 2141 747 2230 recipiant,
784 2153 954 2231 praeterea
971 2139 1125 2212 excitare
1146 2139 1190 2212 ad
1209 2157 1331 2234 gentes
1352 2135 1421 2210 lide
1443 2141 1521 2209 veri
1550 2140 1716 2216 Dei-im·

558 2235 735 2323 buendas,
769 2234 881 2327 iisque
903 2237 1132 2330 exemplum,
1166 2236 1237 2309 hoc
1258 2233 1398 2308 cantico
1417 2236 1455 2308 in
1475 2257 1542 2308 ore
1569 2235 1715 2327 sumto,

559 2332 766 2411 imitandum
781 2331 876 2406 dare.
1379 2401 1384 2408 .

608 2433 640 2520 §.
658 2428 703 2504 V.
733 2429 906 2502 Strullura
929 2429 1056 2526 cantici
1074 2424 1124 2501 est
1145 2429 1249 2520 plane
1269 2431 1412 2522 poetica
1433 2444 1472 2503 et
1491 2430 1715 2504 enthusralli·

560 2549 622 2616 ca,
650 2549 718 2618 qua
740 2541 865 2618 poeta,
895 2529 974 2600 zelo
995 2527 1114 2623 gloriae
1136 2523 1303 2618 Jehovae,
1328 2527 1398 2599 Dei
1421 2527 1584 2616 Israelis,
1614 2549 1714 2602 nunc

561 2623 789 2700 manifestatae
808 2624 993 2710 accensus,
1021 2638 1058 2696 et
1079 2621 1172 2717 quali
1195 2639 1297 2696 extra
1314 2624 1348 2696 se
1363 2640 1503 2716 raptus,
1528 2627 1708 2720 Angelos,

493 2719 502 2742 ‘
562 2723 648 2796 licet
671 2719 923 2814 praestantiores
945 2721 1002 2809 l'e,
1033 2735 1071 2793 et
1096 2741 1161 2812 per
1184 2719 1218 2791 se
1241 2718 1284 2792 ad
1307 2719 1425 2794 Deum
1441 2717 1712 2815 glorificandum

565 2820 756 2902 animatos,
779 2832 948 2908 preterea
974 2816 1045 2910 ipsa
1063 2817 1214 2890 animata
1236 2831 1274 2889 et
1296 2817 1447 2890 inanima
1468 2839 1535 2908 per
1555 2820 1715 2912 persone

563 2910 742 2988 fidionem
755 2911 972 3004 adloquitur,
983 2930 1147 3004 tanquam
1158 2914 1295 2986 ratione
1306 2914 1471 3006 praedita,
1488 2929 1528 2988 et
1541 2916 1586 2986 ad
1596 2915 1714 2990 Deum

564 3009 814 3086 celebrandum
839 3007 941 3100 super
962 3008 1169 3082 cellitudine
1191 3033 1286 3084 nunc
1309 3008 1547 3084 demonstrata
1569 3014 1712 3102 excitat

563 3109 623 3184 De
653 3129 723 3200 quo
746 3105 816 3217 legi
837 3121 992 3180 meretur
1015 3107 1226 3198 Amyraldus
1246 3133 1277 3179 a.
1326 3105 1441 3204 Stylus
1455 3125 1577 3182 cetera
1590 3110 1718 3202 planus
1826 3188 1827 3219 Ν

564 3203 641 3294 est,
673 3201 840 3277 etfacilis
862 3201 1056 3277 intelledlu.
1105 3201 1226 3274 Partes
1246 3201 1299 3277 Ps.
1318 3207 1498 3300 generales
1522 3207 1599 3279 duae
1615 3205 1711 3292 sunt,
1826 3232 1827 3242 ¹

567 3325 634 3400 pro
657 3317 893 3376 creaturarum
908 3300 1077 3376 divifione
1091 3300 1127 3375 in
1142 3297 1282 3390 coelestes
1299 3306 1338 3372 e't
1351 3299 1535 3392 terrestres:
1566 3323 1711 3394 quarum

569 3403 676 3473 altera
689 3399 853 3472 eontinet
862 3399 1111 3474 excitationem
1131 3393 1330 3488 coelestium,
1350 3396 1408 3470 sua
1422 3400 1564 3490 propria
1577 3401 1713 3472 ratione
1826 3404 1827 3457 l

567 3497 739 3572 munitam
761 3517 780 3566 a
800 3495 980 3569 creatione
1003 3511 1038 3570 et
1054 3494 1276 3587 providentia
1289 3493 1419 3583 sumta,
1447 3496 1534 3568 vers.
1557 3501 1638 3569 126.
1665 3497 1710 3565 al-

568 3606 640 3662 tero
668 3592 950 3668 adhortationem
979 3589 1179 3676 terrestrium
1207 3606 1445 3666 creaturarum
1474 3592 1518 3664 ad
1544 3591 1640 3666 idem
1662 3591 1708 3662 fa·
1826 3660 1827 3685 ξ

452 3761 455 3768 ,
508 3703 511 3710 ·
569 3686 753 3773 ciendum,
788 3689 926 3763 ratione
950 3713 970 3762 a
1000 3688 1203 3762 celsitudine
1226 3687 1372 3780 jehovae
1394 3689 1430 3760 in
1451 3703 1546 3762 terra
1567 3689 1707 3762 demon-

570 3781 692 3870 strata,
722 3797 761 3854 et
782 3786 904 3878 populi
922 3786 1056 3860 israelis
1072 3785 1306 3875 exaltatione,
1329 3786 1465 3880 petita,
1498 3787 1587 3859 vers.
1603 3805 1705 3878 7-14.

549 3939 844 4060 starent·

1480 4072 1702 4151 ANA-CRl-
