3984 5159
409 494 484 554 an
553 474 582 550 P
629 475 652 553 S
699 478 735 557 A
782 478 815 559 l.
865 478 920 558 M.
994 480 1147 564 cxlx:
1173 492 1307 585 3523&
1374 494 1444 587 189

283 614 379 765 tem,
399 670 497 747 simul
512 666 739 745 obstacula&
754 666 911 745 alfenus
925 675 1121 750 contrarios
1135 640 1379 769 auferentem,
1403 676 1437 753 be
1590 728 1593 733 -

281 792 409 851 contra
429 768 648 844 tentationes
668 762 940 858 obfirmantem,
967 770 1057 842 vers.
1075 794 1095 863 3
1099 795 1135 862 5,
1150 778 1207 867 36.
1235 776 1373 849 Gradere·
1388 798 1437 850 mr

274 870 341 966 far
372 876 407 943 in
438 872 498 941 uia
526 878 692 961 aggerata
718 863 754 937 ἃ
781 864 878 958 regia
900 880 1144 961 perceptorum
1167 886 1293 947 enorum
1324 874 1435 971 (hanc
1527 876 1530 889 '

135 1053 139 1062 ‚
230 1020 238 1031 -
281 975 378 1044 enim
398 962 574 1057 emphasin
596 960 704 1033 habet
727 962 879 1033 verbum
895 987 981 1059 pm,
1006 964 1193 1041 incedendi
1209 970 1355 1045 modum
1374 992 1434 1045 ve·

190 1093 196 1101 ·
281 1063 545 1141 hementiorem
572 1057 605 1129 br
633 1055 838 1153 grandiorem
865 1059 1193 1153 comprehendens,
1231 1068 1436 1159 eprimeria
1533 1108 1535 1113 ·

281 1161 439 1238 meinradi
456 1157 492 1229 ἂ
504 1155 702 1251 glomerandi
713 1150 949 1246 potestate,&
964 1179 1037 1230 vox
1053 1185 1136 1249 arna,
1163 1182 1237 1235 non
1252 1160 1435 1252 semitam,

282 1256 484 1340 tramitem,
497 1251 565 1325 -sed
581 1250 707 1324 viama
729 1264 877 1345 geraiam
890 1252 926 1327 δι
940 1259 1086 1349 regiam,
1108 1256 1279 1334 denotans
1293 1259 1345 1357 a.)
1359 1264 1437 1355 qnia

282 1363 322 1432 in
341 1378 375 1428 ea
396 1352 476 1424 milri
496 1352 614 1442 volupe
633 1344 679 1439 est
699 1273 768 1442 seo
788 1346 884 1421 enim
909 1352 1059 1425 maxime
1083 1352 1261 1442 delebor,
1286 1357 1382 1449 quod
1397 1357 1435 1431 in

283 1474 329 1527 ea
350 1452 410 1522 via
436 1450 484 1521 ita
504 1443 686 1532 incedam3
718 1443 818 1535 eujus
840 1464 921 1519 cum
943 1445 1003 1521 ssm
1024 1449 1154 1539 animi,
1178 1452 1322 1549 gratiam
1340 1447 1435 1528 illam

284 1537 478 1637 tuam‘cum
494 1540 624 1615 fiducia
637 1552 784 1631 uetere,
799 1538 833 1612 e
847 1542 932 1615 mini
946 1544 1156 1636 promittere
1171 1546 1309 1640 annm.)
1335 1543 1435 1623 rma.
1588 1560 1591 1565 >

285 1670 330 1722 na
349 1662 513 1717 cormeum
527 1639 571 1711 ad
585 1632 805 1729 insinuares
826 1652 921 1727 iuer,
944 1639 989 1724 θ
1003 1666 1041 1715 ne
1057 1641 1098 1719 fit
1113 1646 1306 1722 nimicitias
1320 1668 1437 1719 corre·

283 1740 433 1827 dendus:
455 1734 522 1833 (fic
550 1736 646 1808 enim
670 1732 796 1808 reolus
824 1723 995 1828 posterius
1017 1741 1214 1816 membrum
1231 1740 1435 1837 suppletur,

282 1860 391 1935 quam
411 1845 452 1909 ut
471 1832 581 1919 solet,
606 1833 762 1923 repetito
785 1831 898 1906 verbo
913 1838 1091 1923 inclinare,
1117 1836 1183 1911 aest
1198 1838 1304 1926 ellat,
1329 1863 1369 1912 ne
1386 1845 1437 1911 in·
1498 1866 1509 1891 a

284 1943 396 2023 elina,
422 1952 503 2005 cum
519 1926 615 2021 qnod
632 1925 757 2000 eadem
770 1926 856 2001 serie
869 1931 1039 2005 orationis
1051 1935 1167 2009 minus
1180 1934 1274 2008 rene
1291 1934 1372 2008 Deo
1387 1941 1436 2009 in·

287 2035 423 2110 elimarit
443 2026 597 2102 bominis
619 2024 664 2096 ad
687 2025 868 2099 avaritiam
891 2029 1084 2118 tribuatur,
1120 2054 1186 2124 pro
1200 2031 1436 2107 inclinationis

204 2214 208 2222 ¹
288 2122 532 2227 permistione,
556 2144 577 2195 a
597 2142 670 2213 quo
683 2119 794 2196 modo
809 2126 1071 2217 inclinationem,
1097 2150 1171 2204 non
1187 2126 1436 2222 permiffivam,

170 2256 173 2263 ·
226 2277 235 2295 „
290 2226 355 2302 sed
374 2216 616 2295 efficacenad
633 2235 809 2311 precepta
822 2218 892 2292 Dei
906 2223 1076 2313 petierat,
1102 2237 1178 2299 tum
1195 2226 1290 2319 quod
1303 2228 1437 2319 majore

232 2311 237 2324 '
293 2316 448 2413 emphasi
470 2315 601 2412 polleat
622 2315 750 2388 vocula
770 2319 809 2389 ire
828 2315 986 2401 absolute
1001 2318 1134 2411 polita,
1160 2318 1231 2393 live
1251 2321 1350 2395 usum
1377 2342 1438 2395 ne·

280 2474 286 2482 .
361 2416 397 2490 di
416 2413 653 2511 emphaticam
677 2411 861 2502 involvat,
886 2427 927 2487 ut
946 2412 1006 2505 stt,
1031 2412 1167 2509 nefiat,
1191 2414 1299 2505 absit,
1323 2415 1438 2491 absur-

342 2510 446 2591 inest
459 2516 511 2597 b,
545 2508 617 2583 live
636 2506 709 2581 vim
725 2506 817 2583 suam
832 2509 1039 2606 originalem
1060 2511 1194 2587 exserat
1217 2510 1436 2608 constringen-

281 2618 348 2701 di,
361 2610 445 2685 inde
456 2609 589 2680 arsenii
597 2654 610 2693 ,
625 2604 829 2694 inhibendi,
845 2622 885 2679 ut
899 2604 959 2697 lit,
978 2606 1202 2705 constringe,
1216 2610 1358 2697 inhibe,
1373 2630 1438 2683 cor
1472 2616 1473 2619 ‘

291 2730 416 2788 meum
434 2706 475 2777 ari
495 2709 580 2776 lueri
602 2704 797 2796 adpetitam,
827 2721 874 2775 ne
894 2703 930 2777 in
952 2726 1035 2779 eum
1059 2724 1240 2801 erumpat:
1271 2704 1323 2780 est
1341 2706 1438 2785 enim

293 2809 420 2898 imper.
436 2802 475 2874 in
485 2800 561 2873 Pih.
574 2798 645 2871 rad.
660 2803 722 2871 aba
733 2794 969 2897 constringere,
984 2824 1093 2875 arcere
1107 2824 1133 2879 c.
1182 2802 1362 2898 Supplicat
1376 2825 1439 2891 ve·
1512 2805 1516 2813 '

293 2927 339 2980 ro
368 2921 445 2974 non
472 2897 509 2971 in
537 2916 665 2992 genere
692 2898 936 2971 inclinationem
960 2900 1063 2971 cardis
1084 2900 1127 2973 ad
1150 2917 1324 2995 praecepte
1345 2900 1439 2989 Dei,

292 3000 428 3099 quippe
446 3016 549 3088 quam
571 2992 642 3067 sese
663 2992 794 3065 habere
807 2993 916 3068 modo
931 2994 1107 3087 professus
1118 3012 1214 3087 erat,
1237 2996 1295 3071 sed
1310 2996 1346 3070 in
1364 2994 1440 3090 spe·

275 3098 351 3175 ‘cie
375 3110 535 3187 tempore
553 3087 758 3165 tentationis
773 3110 836 3181 per
849 3090 1007 3181 divitias,
1038 3092 1172 3189 &opes
1186 3094 1438 3178 corradendae,

294 3216 343 3273 ne
394 3212 433 3265 er
456 3209 513 3262 eas
532 3211 553 3260 a
574 3185 759 3279 preceptis
780 3185 849 3268 Dei
871 3186 1107 3275 abstrahatur,
1134 3191 1228 3283 quod
1245 3188 1347 3267 facile
1361 3185 1440 3261 lieri

294 3214 431 3388 polsst,
455 3284 517 3361 nili
539 3284 637 3356 Deus
657 3303 704 3357 eo
723 3279 800 3377 ipso
827 3299 991 3381 tempore
1016 3287 1170 3363 animum
1193 3290 1268 3381 ejus
1289 3286 1333 3359 ad
1354 3306 1441 3381 prae·

156 3476 160 3482 ⁴
296 3401 403 3480 cepta
416 3378 706 3476 suainclinaret.)
758 3397 763 3409 ’

348 3486 381 3572 q.
398 3478 527 3552 XXIII.
576 3506 611 3571 p.
636 3476 839 3569 Sequuntur
863 3498 985 3572 preces
1010 3500 1077 3575 pro
1093 3476 1353 3569 vivificatione,
1383 3480 1445 3559 seu

301 3576 549 3658 consolatione
563 3574 596 3646 &
610 3573 820 3650 liberatione
836 3575 912 3663 sue,
928 3578 1055 3669 quibus
1077 3598 1110 3651 a.
1132 3590 1230 3665 orat,
1257 3591 1316 3665 ut,
1332 3580 1445 3655 oculis

302 3700 326 3752 a
355 3673 521 3749 vanitatis
543 3673 848 3764 contemplatione
875 3671 1072 3762 abstraiiis,
1105 3674 1143 3747 in
1174 3672 1233 3747 via
1258 3675 1344 3773 legis
1374 3676 1449 3751 Dei

304 3770 473 3849 incedens
502 3769 638 3848 bonum
667 3768 898 3942 desideratam
925 3770 1189 3867 consequatur,
1226 3772 1384 3868 adeoque
1407 3786 1450 3849 ut
1615 3820 1618 3829 ·

884 3889 946 3962 ι3
1302 3963 1308 3977 ,
1379 3871 1453 3968 atg-
1506 3950 1510 3957 .

352 3994 467 4065 aVid.
499 4000 539 4067 ad
566 3998 632 4085 Jet.
662 4016 710 4070 vt:
741 4016 792 4085 17.
824 3996 856 4064 it
884 4018 1006 4067 mitt:
1042 4009 1093 4069 16.
1201 4000 1317 4077 ivit.
1341 3998 1455 4074 edl's

310 4091 652 4184 mereantur.
736 4082 1001 4173 aviariier.
1022 4104 1079 4165 xta
1105 4104 1160 4174 15.
