3984 5159
524 559 597 661 m
678 490 1512 635 tommassinius

529 705 699 819 avertunt
720 737 865 830 oculos,
885 738 1022 830 donee,
1050 739 1107 814 vel
1128 761 1275 816 munera
1292 740 1368 836 iplrs
1383 742 1593 838 largiantur,
1621 733 1681 812 vel

527 857 695 934 tanquam
709 842 858 931 clientes
875 839 975 927 suos,
996 842 1039 912 ab
1055 839 1128 912 aliis
1144 839 1343 931 homelias,
1361 840 1552 912 vindicent.

582 945 613 1030 §.
629 938 688 1011 ΙΧ.
714 933 772 1010 Ad
794 937 931 1009 schema
954 937 1124 1009 orationis
1151 932 1244 1010 reite
1274 936 1534 1028 percipiendum
1556 949 1682 1007 notan·

533 1035 619 1110 dum
643 1032 714 1121 est,
754 1029 933 1106 sudorem
954 1029 1005 1106 Pl.
1030 1029 1164 1128 gestum
1185 1035 1403 1126 precantium
1426 1031 1614 1124 auspicari,
1647 1029 1683 1104 dt

529 1155 614 1207 mox
637 1144 676 1202 ut
698 1126 843 1222 reliqui,
870 1129 1070 1204 calamitatis
1099 1128 1205 1215 socii,
1231 1130 1323 1203 idem
1345 1128 1495 1214 faciant,
1521 1128 1681 1198 adhorta·

535 1231 584 1315 ri3
611 1223 751 1318 quando
773 1217 936 1300 omnium
957 1226 1101 1300 nomine
1115 1241 1222 1320 preces
1239 1227 1376 1314 fundit,
1403 1223 1490 1295 vers.
1511 1243 1544 1315 3.
1594 1219 1688 1295 Vult

534 1323 653 1413 itaque
669 1321 806 1410 dicere,
833 1321 867 1394 se
882 1343 955 1396 non
971 1319 1105 1408 solum,
1120 1321 1178 1394 sed
1191 1321 1315 1410 omnes,
1333 1321 1391 1394 seu
1406 1317 1607 1394 universum
1624 1340 1685 1410 po·

534 1419 658 1512 pulum
677 1418 714 1490 in
734 1418 856 1492 eadem
877 1416 994 1492 lecum
1018 1411 1224 1492 conditione
1241 1416 1414 1512 positum,
1436 1415 1531 1489 idem
1546 1412 1684 1502 facere3

537 1536 663 1609 quare,
690 1535 772 1588 cum
794 1513 892 1588 forte
914 1515 1075 1600 videret,
1102 1514 1215 1588 socios
1237 1515 1272 1589 in
1296 1535 1342 1588 eo
1357 1513 1426 1586 else
1439 1512 1610 1586 tardiores
1624 1525 1684 1583 aut

536 1610 751 1692 timidiores,
777 1633 838 1685 eos
862 1611 904 1682 ad
928 1609 1014 1680 illud
1031 1608 1148 1682 secum
1166 1610 1367 1684 faciendum
1385 1630 1448 1703 per
1464 1603 1685 1705 parenthelin

448 1721 453 1726 “
536 1708 752 1782 adhortatur.
808 1705 916 1779 Hunc
940 1699 1167 1796 conspedium
1188 1704 1417 1784 habetvers.
1436 1727 1468 1778 a.
1499 1707 1583 1777 licet
1609 1723 1685 1796 pas·

539 1804 600 1878 srm
623 1806 724 1878 aliter
743 1801 927 1879 instituant
940 1799 1173 1894 interpretem
1198 1799 1295 1894 quod
1309 1800 1370 1876 suo
1388 1802 1613 1894 relinquimus
1632 1800 1685 1872 lo·

531 1923 592 1974 eo,
631 1891 782 1972 vocula
800 1924 860 1970 rnn
875 1919 949 1969 -ecce
964 1898 1022 1970 hic
1039 1898 1112 1971 vim
1126 1898 1358 1970 admonendi&
1373 1896 1685 1989 attorr'anrthabet

535 1994 650 2070 ut'Ps.
676 2003 819 2067 cxxxiv:
847 2013 879 2064 1.
905 1987 992 2064 Ecce
1016 1994 1187 2066 benedicite
1210 1990 1357 2090 Jehooae
1374 1989 1580 2088 omnesserai
1596 1994 1684 2085 ejus:

535 2093 613 2173 &ca
640 2103 810 2181 praterea
829 2109 911 2161 cum
933 2089 1082 2183 verbum
1102 2083 1160 2184 effe
1180 2087 1336 2179 deficiat,
1363 2088 1453 2164 vers.
1474 2111 1506 2162 2.
1535 2089 1685 2160 habetur

436 2207 442 2216 ’
534 2185 654 2272 enim,
674 2181 764 2262 ntuli
788 2177 888 2276 nostri
908 2184 951 2270 ad
965 2179 1153 2279 Jeboudm,
1179 2187 1331 2280 illudque
1346 2183 1520 2280 perfunt,
1545 2184 1604 2256 vel
1612 2181 1685 2276 fiat

534 2277 692 2375 suppleri
716 2292 841 2373 queat,
878 2277 1050 2374 posterius
1077 2279 1134 2354 hie
1158 2279 1278 2358 locum
1292 2283 1425 2372 habet,
1459 2291 1502 2355 ut'
1520 2300 1566 2354 ex
1586 2278 1684 2354 duis
1754 2292 1772 2334 ἰ

540 2391 683 2474 ρειει.’
866 2462 872 2469 ‚
1137 2433 1140 2438 .
1369 2437 1372 2446 .

584 2479 617 2565 §.
632 2469 676 2548 X.
708 2463 917 2565 Personam,
942 2495 1045 2570 quam
1063 2469 1122 2553 hic
1137 2469 1343 2570 respiciunt,
1368 2471 1508 2550 verli.
1531 2471 1622 2582 quasi
1636 2473 1686 2550 di·

534 2571 613 2668 gito
634 2568 865 2662 monstrant„
883 2595 965 2648 cum
989 2575 1134 2666 dicunt,
1173 2587 1211 2646 tu
1234 2579 1290 2666 qui
1303 2571 1393 2668 sedes
1416 2581 1451 2646 in
1474 2577 1576 2660 coelur
1592 2574 1685 2662 dein

453 2760 455 2763 Ι
536 2664 628 2741 vers.
650 2688 683 2740 a.
720 2670 864 2754 nomine
895 2668 959 2758 suo
985 2671 1164 2766 appellant
1192 2664 1356 2766 Jebunam
1384 2669 1494 2750 Deum
1523 2667 1682 2762 ipsorum,-

538 2763 682 2852 ejusque
705 2766 894 2836 relationes
914 2761 1011 2852 adse
1037 2784 1207 2858 praeterea
1230 2765 1400 2840 illustrant
1422 2765 1486 2860 uer
1505 2763 1611 2840 limile
1632 2767 1687 2837 to:
1755 2799 1757 2802 ·

538 2860 697 2928 mineram
711 2855 938 2952 deserueram..
983 2859 1073 2960 Quae
1091 2863 1208 2944 omnia
1225 2857 1556 2956 emphasrnhabent.
1585 2861 1684 2934 a.Se·'

539 2953 612 3030 dere
623 3044 625 3047 Ι
636 2957 673 3023 in
693 2957 773 3024 coelo
794 2954 923 3029 dicitur
941 2978 1012 3048 qua
1033 2961 1258 3052 omnipotens
1272 2960 1363 3032 coeli
1377 2959 1411 3034 &
1427 2975 1528 3033 terrae
1544 2975 1685 3031 creator

402 3078 413 3089 „
539 3072 580 3123 ac
603 3049 804 3140 moderatam
826 3051 924 3134 euius
946 3053 1094 3126 thronus
1116 3051 1171 3130 est
1193 3055 1350 3130 coelum:
1377 3079 1448 3148 quo
1462 3043 1597 3129 summa*
1606 3056 1686 3145 ejus

539 3144 702 3241 potentia
720 3129 930 3234 &majestas
948 3149 996 3221 ob
1012 3151 1139 3225 oculos
1160 3151 1328 3246 ponitur,
1354 3150 1515 3246 opposite
1531 3151 1573 3223 ad
1590 3151 1685 3224 idola

542 3245 576 3318 dt
597 3240 681 3316 falla
703 3241 864 3329 numina:
889 3241 955 3314 Dii
977 3241 1033 3339 qui
1047 3269 1109 3318 non
1119 3243 1273 3336 fecerunt
1289 3247 1406 3319 coelam
1421 3245 1464 3330 Β
1479 3250 1599 3319 terram
1611 3263 1684 3342 per-

543 3340 678 3414 tanede
700 3354 809 3411 terra:
833 3359 902 3432 qua
922 3338 1075 3414 formula
1097 3341 1169 3436 Jer.
1189 3365 1221 3416 x.
1245 3343 1362 3417 voluit
1388 3359 1427 3420 ut
1448 3345 1566 3417 exules
1589 3343 1684 3416 inter

541 3435 723 3526 Chaldaeos
738 3447 945 3532 uterentur,
969 3437 1013 3512 ad
1028 3435 1106 3530 litia
1121 3462 1247 3514 eorum
1262 3440 1405 3514 numina
1416 3439 1612 3514 refutanda.
1645 3439 1684 3514 Si

543 3535 787 3626 quisulterius
807 3532 946 3628 phrafin
966 3557 1130 3629 premere
1151 3538 1262 3626 velit,
1287 3531 1421 3613 referre
1448 3559 1524 3610 earn
1549 3536 1685 3630 poterit

542 3625 588 3702 ud
617 3634 826 3716 praetetitam
845 3623 917 3717 Dei
937 3629 1228 3708 inhabitationem
1256 3632 1357 3727 super
1384 3657 1460 3706 arca
1484 3631 1685 3724 Hierosoly·

544 3719 636 3812 misq
664 3746 733 3812 qua
778 3725 984 3820 raer'ogativa
1008 3749 1090 3799 eum
1108 3749 1202 3802 nunc
1223 3727 1260 3801 in
1281 3731 1388 3804 exilio
1402 3729 1512 3804 essent
1533 3729 1681 3822 privati;
1800 3783 1805 3788 -

542 3815 673 3888 oculos
694 3815 739 3887 fle
773 3836 837 3914 *nt
865 3820 983 3891 coelam
1005 3820 1151 3910 versus,
1189 3823 1316 3916 utpote
1341 3828 1515 3921 propriam
1541 3821 1682 3899 summae

475 3919 478 3925 “
541 3903 726 3998 majestatis
749 3913 875 4014 sedern
927 3919 957 3988 lr.
981 3915 1128 3990 Addunt
1150 3941 1232 3994 mox
1252 3925 1415 4012 nomina,
1450 3943 1530 3994 curn
1553 3943 1680 3993 verum

535 4003 761 4105 &summum
775 4007 915 4107 De'um,
942 4009 1676 4188 tumsurrminspecielieumdesignanti}

1613 4133 1678 4186 ur
1713 4132 1718 4160 ¹
