3984 5159
632 509 1630 632 47vcon1MEN'rnlt-1Uss

636 710 779 785 indicat.
828 705 938 793 Sunt,
964 701 1024 797 qui
1039 701 1218 774 canticum
1234 699 1364 774 volunt
1377 699 1447 774 else
1461 701 1699 791 dramaticum,
1723 719 1802 794 quo

636 806 781 882 diversae
804 803 963 900 persona
986 796 1152 872 sistuntur
1175 798 1384 891 loquentes,
1416 801 1490 872 aliae
1512 796 1801 873 benedictionem

636 906 783 1000 Jehovae
806 905 1033 994 inperantes,
1059 895 1133 966 aliae
1148 893 1456 985 benediilionem,
1481 893 1651 988 aJ'ehova
1666 896 1800 968 facien·

637 1004 737 1088 dam,
771 996 1068 1092 pronunciantes,
1094 990 1155 1066 seu
1179 1008 1356 1066 voventes
1381 994 1415 1066 δι
1438 994 1690 1086 adprecantes,
1724 991 1798 1065 five

639 1102 738 1198 prior
758 1095 800 1169 srt
819 1093 944 1168 duitor
964 1090 1173 1166 Levitarum
1195 1111 1258 1190 eos
1279 1091 1436 1164 'excitans
1458 1092 1503 1164 ad
1524 1087 1678 1188 officium
1702 1087 1798 1162 reite

639 1185 866 1279 iaciendum,
892 1191 927 1264 dr
950 1185 1252 1284 posterioresKsrnt
1271 1183 1407 1262 Levitae
1434 1181 1800 1262 duiloribenedifflo-

639 1316 723 1370 nem
749 1290 915 1363 Divinam
944 1300 1131 1400 optantes,
1171 1285 1243 1358 live
1265 1287 1362 1380 prior
1382 1286 1425 1358 fit
1448 1287 1622 1380 populus,
1649 1281 1801 1358 asacer-

641 1393 784 1466 domnus
805 1383 1090 1468 benediduonem
1115 1380 1184 1455 D'ei
1199 1397 1347 1477 petens,
1373 1381 1596 1476 &posterior
1609 1382 1799 1472 sacerdos,

643 1511 722 1564 eam
754 1485 1005 1580 pronuncians.
1063 1481 1153 1568 Sed,
1189 1495 1424 1574 preterquam
1456 1479 1551 1573 quod
1572 1477 1799 1554 diversarum

513 1658 521 1666 .
642 1584 892 1684 personarum,
931 1583 983 1655 uti
1007 1577 1170 1652 nonnulli
1197 1575 1291 1650 reite
1315 1576 1568 1671 observarunt,
1599 1577 1741 1653 nullum
1761 1575 1802 1652 fit

593 1732 597 1738 .
643 1683 835 1771 indicium,
860 1681 895 1753 &
915 1700 989 1754 una
1004 1673 1197 1766 eademque
1214 1670 1364 1767 persona
1382 1669 1595 1770 utrumque,
1619 1673 1801 1749 adhortati

643 1783 777 1858 scilicet
809 1777 895 1862 alios
930 1773 973 1849 ad
1003 1772 1123 1846 Deum
1155 1769 1386 1860 laudandum,
1424 1771 1560 1866 illisque
1582 1769 1799 1847 benedidiio·

643 1901 727 1957 nem
742 1896 899 1960 vovere,
922 1865 1083 1967 prastare
1099 1865 1220 1962 poffit,
1238 1866 1387 1942 maxime
1403 1867 1450 1956 li,
1460 1869 1554 1962 quod
1567 1890 1633 1943 nos
1647 1872 1687 1944 in
1700 1891 1802 1967 argu·

644 1975 758 2055 menti
787 1995 853 2066 pro
904 1969 1029 2044 [itione
1051 1964 1221 2056 fecimus,
1246 1964 1500 2040 benediilionis
1522 1967 1663 2041 Divinae
1679 1967 1802 2060 adpre·
1831 1997 1835 2006 ·

647 2074 742 2148 catio
770 2092 841 2143 con
868 2068 1014 2139 deretur
1038 2079 1202 2155 tanquam
1231 2062 1485 2139 adhortationis
1506 2063 1802 2158 fundamentum,

646 2173 683 2244 dc
715 2167 805 2244 ratio
833 2183 1005 2254 movens,
1043 2165 1136 2272 prior
1164 2158 1314 2263 persona
1336 2181 1410 2234 nec
1434 2159 1640 2241 devitatum
1674 2161 1800 2239 duum

649 2265 719 2340 elle
738 2259 854 2359 potest
864 2285 881 2353 ,·
900 2281 989 2334 cunr·
1005 2280 1129 2334 omnes
1144 2255 1236 2331 seivi
1246 2255 1395 2352 Jehovae
1410 2256 1481 2330 line
1495 2256 1696 2333 discrimine
1706 2259 1803 2333 exci-

650 2381 792 2449 tentur,
818 2373 859 2434 ut
881 2357 915 2431 dc
938 2356 1063 2450 reliqui
1084 2355 1201 2445 cives,
1225 2355 1430 2448 nullumque
1447 2352 1488 2427 fit
1505 2354 1674 2431 indicium
1693 2357 1803 2432 dedu·

649 2461 775 2537 ilionis
797 2455 1004 2530 Levitarum
1026 2450 1067 2526 ad
1086 2450 1195 2526 aedem
1210 2451 1359 2540 sacram,
1388 2471 1456 2525 nec
1469 2451 1595 2539 etiam,
1622 2455 1697 2529 imo
1715 2455 1804 2529 mul-

648 2576 688 2636 to
707 2557 842 2643 minus,
868 2552 1039 2648 populus,
1065 2547 1347 2624 benediciionem
1372 2547 1804 2646 asacerdutibuspetens,

649 2679 733 2731 cum
767 2653 915 2747 Jelnovm
941 2647 1135 2734 celebratio
1168 2661 1307 2724 tantum
1334 2646 1540 2746 injungatut
1564 2645 1724 2746 personis
1751 2648 1801 2724 sa·

673 2775 728 2826 rls.
880 2800 883 2805 >
1142 2825 1146 2830 ,
1242 2792 1245 2805 ·
1323 2785 1328 2830 ζ
1377 2783 1382 2794 ·
1502 2805 1532 2821 ,.

650 2774 672 2845 9
700 2853 720 2939 §
752 2845 796 2920 Il.
828 2847 1032 2939 Praeterea,
1050 2845 1116 2932 ‚td
1138 2868 1270 2948 verum
1298 2845 1430 2924 candet
1458 2845 1686 2944 conspeilum
1707 2845 1802 2924 reita

648 2944 940 3042 percipiendum,
970 2947 1032 3017 duo
1053 2947 1169 3022 notari
1194 2947 1314 3024 velim.
1365 2941 1482 3026 'Unum
1504 2945 1575 3035 est,
1605 2949 1802 3042 populum,

649 3067 696 3120 ex
711 3041 870 3140 personis
894 3039 997 3114 sacris
1021 3041 1212 3117 &civibus
1234 3043 1375 3137 reliquis
1395 3041 1635 3136 constantem,
1668 3047 1728 3119 hic
1751 3065 1804 3119 re·

649 3142 852 3240 praesentari
872 3139 908 3214 in
929 3159 1039 3213 unum
1062 3138 1242 3228 cocitum,
1268 3156 1432 3230 tunquam
1454 3141 1498 3215 in'
1514 3144 1676 3217 comitia:
1703 3143 1804 3236 cuius

549 3283 577 3300 -·
650 3240 821 3316 indicium
841 3238 880 3310 in
902 3257 949 3312 eo
971 3234 1046 3326 est,
1072 3258 1155 3312 cum
1177 3238 1272 3329 quod
1290 3234 1404 3311 sermo
1419 3237 1461 3310 ad
1478 3238 1665 3332 presentes
1682 3241 1805 3337 diriga-

650 3353 729 3431 tur,
753 3353 830 3413 tum
844 3335 970 3411 vocula
989 3357 1056 3408 ecre
1070 3332 1109 3409 in
1122 3333 1299 3429 principio
1313 3354 1389 3408 rem
1408 3335 1456 3410 ob
1471 3338 1596 3418 oculos
1611 3333 1725 3429 sistat,
1749 3338 1804 3413 uti

650 3432 704 3509 Ps.
728 3421 1181 3530 praecedentehabuimus,
1221 3446 1298 3510 tum
1320 3431 1472 3525 denique
1499 3433 1698 3524 benedifflo
1719 3435 1804 3511 eiin

620 3609 622 3613 ,
651 3529 736 3627 ling.
750 3536 998 3627 promittatur,
1032 3529 1124 3607 vers.
1140 3551 1172 3624 3.
1198 3533 1355 3614 benedicit
1378 3531 1525 3605 liiidie.
1574 3530 1731 3608 Alterum
1745 3533 1804 3606 ha·

528 3705 533 3714 ,
650 3627 736 3716 bet,
760 3627 886 3706 statum
904 3631 1024 3725 populi
1041 3629 1193 3716 Israelis,
1218 3628 1277 3702 seu
1303 3625 1563 3718 Tfionitarum,
1588 3627 1692 3705 fuiffe
1704 3651 1807 3726 paca-

649 3722 960 3818 tum,prosperum
970 3777 981 3816 ,
991 3748 1063 3818 quo
1076 3723 1271 3815 multiplice
1286 3723 1533 3800 benedictione
1548 3725 1695 3819 Jehovae
1704 3728 1805 3802 ,frue-

652 3819 776 3910 batur,
801 3820 833 3891 dt
854 3823 1023 3918 gauderet
1042 3821 1079 3894 in
1100 3818 1292 3914 posterum.
1341 3819 1449 3912 Cujus
1466 3823 1636 3898 indicium
1649 3821 1702 3898 est
1714 3823 1805 3902 ficut

626 3915 688 4018 ‚in
712 3915 842 3991 vocula
866 3917 1034 4010 praemiffa
1056 3940 1143 4007 ecce,
1170 3931 1212 3992 ut
1228 3939 1313 3992 mox
1327 3921 1483 4013 patebit,
1508 3920 1557 3994 ita
1573 3922 1611 3995 in
1625 3941 1691 4010 eo,
1705 3923 1804 4016 quod

648 4011 765 4094 omnis
784 4011 889 4086 status
901 4013 1069 4094 Tironitae
1083 4014 1285 4097 excitentur
1300 4015 1344 4090 ad
1360 4017 1479 4094 Deum
1495 4018 1725 4110 laudandum,
1752 4023 1803 4095 ei·

871 4183 876 4190 .
1127 4167 1130 4175 ·
1732 4138 1804 4213 que
