3984 5159
441 518 459 562 ·-
553 534 624 614 302
721 464 1608 625 ,corr'uunrnnrus'

558 721 616 788 tus
634 705 785 802 populus
815 702 854 776 in
875 721 918 778 12
938 697 1051 785 tribus
1070 694 1227 785 divisus,
1261 717 1339 790 quae
1362 694 1502 794 fingulae
1523 698 1627 770 triber
1651 694 1725 772 Del

560 792 670 895 surit,
701 803 863 894 adeoque
887 796 1012 891 aequali
1032 795 1112 887 jure
1136 795 1173 870 in
1197 795 1368 892 regimine
1391 791 1618 892 &religione
1640 816 1723 892 gau·
1812 835 1817 842 ·

561 904 669 992 dent,
695 904 765 975 huc
785 895 942 988 ascendit
965 887 1159 969 solenniter
1173 894 1221 967 ad
1236 894 1355 970 laudes
1370 893 1452 969 Deo
1467 892 1661 982 canendas,
1687 892 1724 966 de

564 1003 703 1076 cultum
716 995 777 1092 ipsr
794 1012 932 1092 gratum
951 991 1206 1080 deserendum
1231 989 1450 1070 adscendunt
1471 1009 1590 1068 autern
1611 992 1724 1064 tribus
1741 1007 1749 1072 5

563 1121 628 1194 per
643 1096 747 1174 fixam
768 1096 907 1189 legem,
929 1089 965 1166 u
990 1089 1159 1167 statutum
1176 1089 1294 1166 lsraeli
1308 1089 1453 1180 datum,
1478 1091 1577 1182 cujus
1591 1085 1726 1166 summa

566 1195 640 1283 est,
666 1207 707 1268 ut
728 1214 803 1267 non
825 1205 963 1265 tantum
975 1187 1097 1263 Deum
1112 1186 1304 1264 solenniter
1318 1185 1411 1272 datis
1425 1187 1650 1282 temporibus
1666 1207 1727 1262 co·

509 1379 518 1386 ,
562 1293 659 1378 lant,
685 1289 745 1364 sed
758 1286 993 1381 Hierosolymis
1009 1287 1044 1360 id
1060 1285 1201 1362 faciant.
1256 1273 1542 1362 Triaiulaudem
1560 1282 1726 1360 Hieroso·

564 1386 798 1482 lyrnae,quod
807 1387 848 1459 ad
863 1386 1406 1481 religionem,rnennorantur,a.
1422 1384 1478 1458 Eo
1495 1380 1568 1456 sese
1585 1381 1728 1460 conset·

563 1508 606 1560 re
630 1486 794 1560 homines
817 1484 861 1557 ad
883 1482 1001 1560 Deum
1023 1482 1224 1558 colendum.
1265 1485 1296 1555 b.
1321 1502 1445 1558 omnes
1468 1482 1610 1571 tribus,
1650 1501 1727 1572 qua

563 1581 637 1664 Dei
659 1585 771 1658 tribus
794 1580 896 1671 sunt,
922 1604 1001 1656 eam
1022 1603 1090 1673 pro
1108 1576 1189 1652 sede
1207 1579 1386 1675 religionis
1402 1581 1508 1654 unica
1520 1574 1725 1677 agnoscere.

565 1703 595 1761 r.
618 1679 721 1758 fixam
739 1678 808 1755 else
827 1681 942 1776 legem
964 1677 1082 1750 Israeli
1103 1676 1220 1758 datare¹
1238 1675 1340 1749 eade
1357 1698 1408 1752 re.

619 1783 652 1871 §.
668 1777 810 1854 xvlll..
850 1801 884 1851 a.
914 1773 1068 1850 Primum
1089 1771 1168 1864 est,
1209 1773 1390 1872 religionis
1413 1771 1587 1850 ,studiosos
1609 1773 1729 1854 Deum

569 1897 727 1971 quaerere
749 1869 1007 1967 Hierosolymis,
1033 1873 1104 1946 live
1122 1871 1184 1966 ipfi
1205 1870 1418 1968 adscendent,
1443 1872 1515 1946 sive
1531 1895 1679 1948 munera
1695 1877 1731 1950 de

569 1973 736 2048 sacrificia
744 1993 790 2044 eo
803 1970 965 2044 mittant:
979 1969 1074 2061 quod
1086 1987 1276 2064 utrumque
1294 1966 1372 2044 fieri
1386 1972 1591 2065 poterat,&
1605 1971 1731 2047 adDed

569 2067 786 2164 confitendum
806 2064 925 2140 fiebat.
976 2065 1126 2155 Phrasis,
1160 2073 1285 2141 nomini
1304 2066 1374 2142 Dei
1391 2063 1561 2160 confiteri,
1577 2067 1730 2147 ,cunstat

564 2185 665 2238 ‹verae
685 2162 868 2258 religionis
887 2175 1004 2257 partes
1018 2163 1308 2258 comprehendit,
1335 2162 1590 2261 quiequidfidei
1604 2166 1731 2244 nostre

563 2261 617 2340 de
638 2259 725 2340 Deo
749 2257 972 2339 testificandae
993 2263 1194 2361 peragitur3
1220 2263 1293 2338 sive
1312 2283 1437 2358 preces
1456 2263 1499 2337 ad
1516 2263 1731 2342 Deurnsun·

574 2359 724 2451 dantur,
750 2357 956 2454 fivelaudes
968 2357 1032 2454 ipfi
1048 2377 1239 2450 canentur,
1264 2360 1336 2434 five
1352 2358 1567 2435 sacrificia&
1581 2383 1731 2438 munera

568 2456 796 2546 offerantur,
821 2455 893 2533 slve
917 2458 1005 2551 quid
1023 2458 1153 2539 aliuda
1174 2457 1256 2532 Deo
1270 2474 1488 2552 preceptum
1497 2456 1730 2537 'observetur

568 2555 707 2634 Cunbin
724 2556 782 2631 illa
798 2553 889 2629 licut
903 2559 1029 2632 cultum
1045 2555 1114 2631 Der
1129 2553 1173 2643 ἐξ
1187 2559 1249 2628 reli
1273 2561 1375 2629 ionem
1384 2605 1396 2644 ,
1413 2557 1498 2632 olirn
1513 2555 1630 2631 Israeli
1644 2579 1730 2651 prae.

568 2653 761 2746 scriptam,
793 2652 1034 2743 constituunt,
1067 2654 1118 2732 ita
1146 2580 1289 2746 cerifolio
1319 2657 1460 2727 nominis
1492 2653 1562 2728 Dei
1591 2655 1729 2747 apte&

572 2751 772 2842 emphatice
794 2750 1037 2841 appellantem
1077 2783 1111 2826 e.
1128 2752 1208 2844 quia
1222 2747 1323 2844 fldem
1343 2749 1378 2824 u
1400 2748 1614 2846 confeffionem
1630 2749 1731 2828 suam

567 2845 616 2922 de
632 2844 790 2938 Jebova,
814 2866 905 2920 vero
919 2845 1002 2920 Deo
1017 2847 1052 2920 dt
1068 2847 1176 2922 unico
1190 2849 1310 2948 gratiae
1324 2848 1449 2939 sonte,-
1477 2851 1587 2924 unico
1604 2848 1730 2925 Domi·

570 2964 626 3027 no
650 2942 684 3017 o
706 2941 720 3016 l
763 2941 904 3018 islatore
925 2939 1012 3032 suo,
1031 2963 1086 3018 eo.
1096 2945 1206 3021 modo
1222 2947 1363 3040 publice
1378 2947 1532 3023 edebant
1545 2945 1729 3039 lsraelitaea

568 3041 640 3122 dte.
673 3043 710 3128 β.
775 3038 830 3114 uia
849 3038 933 3116 Deo
956 3061 999 3113 ea
1013 3042 1273 3140 tationegloria
1298 3042 1502 3141 nominirsrri
1518 3042 1651 3144 Jeboua
1666 3063 1731 3140 pu÷

568 3139 663 3216 blice
677 3137 846 3224 dabatur,
870 3152 954 3212 cum
966 3135 1215 3232 agnosceretur
1228 3141 1262 3215 &
1276 3143 1537 3235 celebraretur,
1564 3159 1731 3239 tanquam

571 3236 699 3324 Deus,
725 3233 787 3328 qui
805 3231 877 3308 sese
899 3231 1093 3331 gloriosum
1107 3237 1142 3311 &
1156 3238 1345 3335 virtutibus
1360 3240 1502 3338 gratiae,
1528 3232 1730 3318 veracitatit

569 3334 607 3409 dr
617 3333 781 3428 justitiae,
807 3330 842 3405 du
862 3332 1031 3426 operibus
1051 3331 1264 3431 magnificis,
1289 3335 1325 3411 in
1342 3340 1480 3433 populo
1496 3339 1729 3430 redimendo,
1759 3369 1765 3380 ¹

570 3431 607 3505 dc
621 3433 795 3522 beando,
809 3430 1038 3521 exhibuerat,
1064 3429 1291 3527 &prostaret
1308 3437 1345 3510 ln
1363 3433 1555 3531 posterum.
1605 3469 1640 3535 y.
1656 3438 1730 3513 De·

570 3529 680 3622 nique
702 3533 784 3624 quia
807 3528 878 3602 sese
898 3527 982 3606 Deo
997 3529 1041 3604 led
1055 3552 1164 3606 omne
1179 3555 1290 3632 genus
1305 3531 1421 3608 officia
1436 3535 1610 3634 obligatos
1623 3533 1729 3631 profi·

569 3626 759 3794 zebenno,
779 3626 817 3702 dt
834 3624 953 3720 foedus
974 3650 1057 3706 cunr
1078 3627 1218 3722 Jehova
1231 3631 1358 3709 initum
1372 3633 1566 3712 identidem
1579 3655 1729 3712 renova·

598 3735 669 3796 ant
736 3755 741 3762 ·
1132 3733 1135 3742 ’
1560 3759 1561 3764 “
1719 3791 1722 3802 .

619 3821 652 3907 §.
668 3818 761 3894 XIX.
808 3827 842 3900 b.
870 3825 953 3900 Hoc
969 3821 1036 3897 etsi
1053 3821 1246 3920 gloriosum
1268 3844 1343 3902 erat
1360 3826 1641 3925 Hierosolyma,
1664 3831 1728 3907 hoa

568 3917 684 3994 mines
707 3918 887 4016 religiosos
902 3925 1022 3997 Deum
1042 3922 1285 4017 ibiquaerere,
1302 3928 1336 4000 dr
1354 3929 1549 4026 religione,
1574 3929 1657 4004 Deo
1672 3953 1729 4004 ac·

567 4031 692 4109 cepta,
713 4016 864 4116 defungi
871 4019 993 4118 posse,
1007 4034 1162 4102 attamen
1176 4021 1358 4122 gloriosrus
1373 4041 1583 4120 aaronem
1597 4029 1726 4112 trihus,

583 4188 587 4194 .
608 4187 615 4195 .
1064 4150 1067 4162 ·
1655 4145 1727 4200 eas·
