3984 5159
365 625 432 690 aa
477 611 531 687 r
578 614 601 691 s
650 614 684 692 a
732 614 764 693 a
810 557 875 695 rt
924 616 1243 719 CXLV213,14.
1307 645 1377 722 751

220 839 293 912 que
311 837 314 842 ·
332 807 584 888 celebrationis
618 809 760 900 piorum
788 808 833 881 ad
860 807 1117 890 notificandum
1146 814 1376 905 hominibus,
1430 893 1434 900 ,

220 917 316 989 vcrl'.
348 935 398 1004 ¹3·
430 917 579 1002 magnum
604 922 695 978 tuum
719 903 763 997 est
784 930 922 1003 ragnum
943 917 1085 985 amnium
1100 909 1307 1008 fraudatam,
1333 912 1377 998 ἃ

219 1016 401 1088 declinium
416 1024 508 1077 tuum
523 1011 561 1075 in
576 1028 697 1112 amnem
709 1012 947 1099 generationem
965 1005 1009 1091 δ’
1022 1012 1270 1106 generaliorem.
1285 1011 1376 1182 (Bur

218 1112 334 1185 verba
358 1129 427 1189 eo,
461 1124 534 1194 quo
555 1102 647 1186 drxi,
681 1103 851 1192 tendunt,
890 1105 926 1178 dt
948 1108 1056 1202 regni
1071 1130 1111 1182 ac
1133 1108 1281 1183 dominii
1339 1109 1374 1184 ei

271 1221 430 1300 rpetuam
446 1198 669 1274 durationem
684 1221 704 1272 a
718 1203 852 1274 mundo
867 1201 1016 1298 condito
1028 1204 1070 1278 ad
1090 1203 1198 1283 finem
1212 1225 1373 1300 compre·

215 1229 409 1387 iindunm
435 1300 488 1371 uti
509 1295 612 1369 facile
632 1297 803 1370 cernitur.
861 1295 958 1367 Nihil
981 1299 1020 1374 in
1044 1303 1221 1396 phrasrbus
1243 1303 1296 1378 est
1311 1306 1382 1378 ob..
1444 1302 1447 1309 “

214 1401 322 1476 scuri.
367 1393 554 1470 Convenit
576 1411 696 1465 autem
722 1393 793 1464 hoc
814 1393 1022 1468 attributum
1047 1420 1157 1493 regno
1177 1402 1384 1490 denatura,

214 1515 261 1574 ut
283 1495 431 1579 dicitur,
456 1491 491 1564 dt
514 1494 656 1584 gratia,
681 1488 786 1577 hujus
807 1488 967 1580 inprimis
990 1488 1051 1566 sub
1071 1495 1219 1586 Mallia,
1241 1499 1294 1572 uti
1307 1519 1371 1574 no·

216 1613 298 1673 tum
312 1590 375 1665 est.
425 1587 546 1686 Quare
563 1587 666 1678 plura
677 1607 751 1678 non
768 1583 872 1658 addo·
1085 1607 1088 1614 ·
1371 1628 1387 1645 ··

269 1696 301 1781 §.
319 1687 400 1762 XV.
450 1689 486 1774 β.
512 1689 772 1780 Argumentum
793 1681 1024 1773 laudationis,
1057 1685 1226 1779 prolixius
1241 1680 1385 1783 propo·'

215 1789 351 1875 litum,
384 1787 421 1858 in
448 1782 533 1855 duat
563 1780 745 1873 pericopas
764 1778 928 1875 distingui
948 1781 1086 1873 potest,
1126 1805 1203 1876 quae
1223 1800 1373 1879 utraque

214 1881 426 1982 praemillam
454 1879 563 1952 habet
587 1877 763 1950 virtutum
783 1876 982 1952 divinarum
1008 1879 1304 1968 declarationem,
1339 1883 1373 1957 δι

215 1981 348 2057 efferta
377 1999 499 2050 earum
517 1993 583 2066 per
605 1993 720 2064 partes
742 1971 923 2073 recenset3
963 1974 1022 2049 sed
1039 1982 1134 2073 prior
1157 1977 1208 2052 est
1230 1999 1374 2074 genera·

214 2080 307 2162 lior,
329 2071 484 2170 posterior
502 2067 684 2163 specialior
707 2068 750 2142 ad
769 2069 847 2162 pios
860 2069 1034 2163 spretam,
1059 2077 1185 2168 quibus
1198 2076 1297 2150 Deus
1314 2078 1373 2150 be·

117 2204 119 2249 r
216 2173 375 2259 nefacit,
416 2189 498 2242 cum
529 2166 721 2259 impiorum
748 2165 1018 2243 destrraffiona
1058 2193 1091 2243 u.
1126 2173 1246 2262 Prior,
1280 2173 1376 2248 vers,

117 2300 119 2349 :
221 2271 347 2362 14..16.
378 2261 652 2358 comprehensa,
681 2283 712 2339 r.
726 2263 932 2358 praemiffam
943 2265 1290 2344 habetfidelitatisdr
1310 2272 1375 2346 bo·

117 2382 118 2385 ’
218 2367 341 2444 nitatis
361 2362 434 2435 Dei
453 2357 728 2447 confeffionem,
753 2359 843 2434 vers.
871 2383 926 2452 14.
952 2363 1005 2436 his
1020 2367 1154 2439 verbis:
1182 2364 1308 2438 Fidelis
1329 2363 1375 2459 est

257 2467 359 2536 edova
381 2465 419 2533 iu
439 2461 547 2547 vobis
559 2455 658 2550 suit,
684 2453 727 2540 θ
733 2484 736 2492 ·
749 2455 906 2549 beneficus
924 2464 961 2532 in
976 2463 1120 2534 omnibus
1135 2465 1278 2556 operibus
1272 2460 1374 2632 duis.

116 2596 120 2649 r
286 2583 315 2634 a
329 2562 458 2645 verba,
478 2556 516 2628 in
531 2568 633 2629 textu
648 2553 758 2627 Hebr.
775 2551 907 2628 Maior.
921 2555 1133 2644 defiderata,
1147 2579 1189 2630 err
1206 2579 1272 2630 ver
1298 2561 1373 2634 oni·

117 2676 118 2687 ¹
219 2659 289 2733 bus
303 2654 453 2746 antiquis
468 2651 531 2727 Gr.
548 2653 702 2743 &·Syr.,
727 2649 885 2724 Mollero
899 2675 1045 2747 quoque
1057 2652 1308 2746 adstipulante,
1337 2657 1373 2732 ua

220 2769 307 2830 ante
325 2773 407 2825 eum
422 2749 610 2834 Musculo,
626 2744 840 2821 restituenda
852 2747 944 2822 sunt.
982 2771 1015 2824 1.
1032 2749 1124 2846 Quia
1140 2752 1176 2824 in
1190 2749 1242 2824 Ps.
1258 2750 1374 2844 alpha-

221 2851 345 2926 betico
371 2847 492 2920 littera
525 2873 538 2920 r
569 2866 640 2918 nun
663 2843 744 2917 alias
766 2839 957 2934 deficeret,
992 2845 1089 2938 quod
1106 2845 1179 2922 fine
1206 2849 1373 2942 exemplo

222 2947 333 3032 foret.
403 2942 528 3018 Solent
557 2940 699 3035 quidem
733 2939 767 3012 dr
796 2941 855 3021 alli
883 2939 1007 3016 fimil'es
1035 2941 1155 3036 psalmi
1187 2944 1345 3038 proferri
1359 2975 1382 3034 ,·

222 3045 285 3120 ubi
308 3063 380 3119 una
397 3041 555 3113 alterave
576 3039 694 3112 littera
709 3036 825 3126 deest,
851 3036 910 3112 sed
924 3037 996 3113 sure
1011 3038 1263 3129 fundamento;
1291 3063 1380 3118 cum·

224 3141 329 3217 &ibi
348 3137 483 3213 restitui
505 3135 630 3231 poffint
651 3135 685 3207 dr
707 3135 881 3226 debeant,
896 3150 953 3211 ut
974 3135 1042 3211 suis
1065 3138 1154 3211 locis
1171 3137 1375 3212 obl'ervairi·

223 3261 313 3316 mus.
361 3235 483 3308 Verba
503 3236 621 3326 itaque
636 3232 818 3321 Hebraea,
829 3232 1019 3310 secundum
1034 3233 1214 3308 verdones
1227 3235 1375 3326 citatas,

224 3335 305 3412 sunt
318 3333 452 3407 hancin
467 3353 543 3408 rem
555 3329 692 3418 facilia,
702 3329 842 3423 drapo,
852 3350 938 3406 utrm
950 3333 1008 3403 ia:
1021 3357 1103 3405 aum
1118 3355 1215 3407 ruam
1226 3355 1294 3406 runr
1308 3337 1381 3435 ruat·

217 3431 353 3525 fidelis,
378 3430 435 3502 vel
453 3449 581 3512 verax,
597 3423 730 3524 Jelroa
743 3433 780 3500 in
797 3422 1004 3518 cuiusuis,
1030 3423 1074 3509 δ’
1090 3423 1245 3518 beneficus
1260 3433 1296 3502 ira
1314 3455 1382 3504 orm

227 3533 325 3604 nibus.
340 3527 578 3620 operibursur'r.
613 3547 647 3598 a.
668 3523 762 3619 Quia
774 3523 958 3617 probabile
972 3520 1044 3610 est,
1071 3538 1239 3615 poetam,
1265 3528 1379 3618 quiin

229 3627 313 3699 duas
335 3623 520 3717 pericopas
541 3618 785 3694 recenliouem
807 3619 959 3712 partium
972 3619 1182 3695 laudationis
1203 3619 1379 3712 distinxit,

229 3723 311 3798 liuic
326 3720 436 3814 priori
450 3719 645 3812 pericopae,
672 3738 771 3809 aeque
785 3737 827 3790 ac
842 3713 1050 3810 posteriori,
1081 3717 1277 3811 praemisrlle
1291 3721 1381 3813 ejus-

229 3819 327 3897 modi
347 3813 607 3891 confeffionem
622 3815 794 3889 virtutum
812 3807 902 3886 Dei:
928 3811 1040 3886 exstat
1053 3831 1134 3890 ante
1147 3813 1382 3908 posteriorem

231 3917 459 4012 pericopam,
478 3911 574 3986 vers.
601 3931 655 4004 171
710 3933 744 4004 3.
769 3911 876 3986 Ratio
896 3909 995 3982 reddi
1017 3913 1159 4004 nequit,
1185 3933 1291 4004 quare
1310 3915 1385 3988 hac

232 4016 344 4088 verba
367 4010 587 4087 inseruiffent
612 4029 721 4097 axx„
756 4009 839 4085 fiin
861 4008 1042 4083 codicibus
1064 4032 1137 4086 non
1160 4010 1384 4084 inveniffent.

232 4109 340 4209 Quod
358 4111 453 4187 enim
475 4109 655 4201 adfertur,
682 4128 746 4187 eos
768 4115 812 4186 ex
836 4105 928 4185 vers.
946 4126 1004 4207 17.
1027 4107 1203 4209 repetiilie
1220 4105 1391 4300 adpglbal·

1247 4253 1252 4270 ·
1308 4221 1388 4282 ae·
