3984 5159
540 532 563 604 r
711 509 1531 597 commu-nrnnrus

543 700 689 775 stinnam
715 699 839 775 oculos
859 712 1029 785 vertunt,
1061 694 1097 768 ἃ
1117 696 1213 771 bona
1228 706 1254 785 ,“
1274 696 1401 790 quibus
1420 698 1619 791 pervarias
1639 679 1718 798 pes

544 797 665 872 riodos
689 795 831 873 masmta
862 797 934 885 est,
974 792 1187 889 intelligunt.
1245 792 1319 866 Alii
1337 793 1489 888 denique
1511 811 1701 892 utrumque

428 908 431 916 '
549 896 791 995 conjungunt,
826 893 862 965 ἃ
887 892 930 966 ad
961 888 1153 965 Ecclesiam
1184 888 1411 965 Christianam
1438 894 1578 967 transiri
1608 896 1699 971 vers.

543 1016 603 1087 9.,
628 1016 735 1089 quem
756 991 800 1063 de
823 988 1047 1065 redemtione
1064 987 1182 1081 Spirit.
1198 1008 1264 1083 per
1277 986 1453 1065 Christum
1463 989 1699 1088 interpretan-

544 1108 624 1278 tur§,
639 1086 825 1259 &alena
855 1180 972 1257 nostra
994 1182 1185 1279 hypothesi
1220 1211 1251 1257 κ.
1273 1181 1364 1257 intra
1384 1180 1513 1257 limites
1531 1182 1696 1261 Ecclesrae

539 1284 739 1362 Israeliticae
760 1280 972 1355 manendum
991 1280 1067 1371 est,
1100 1278 1198 1375 quod
1215 1278 1312 1355 nulla
1336 1278 1378 1353 lit
1404 1279 1496 1353 ratio
1512 1284 1556 1355 ab
1570 1304 1612 1357 ea
1627 1284 1696 1359 dis·

541 1378 713 1470 cedendi,
737 1380 869 1453 nullum
889 1399 1032 1471 quoque
1054 1377 1172 1454 sensus
1194 1376 1396 1471 prophetici
1418 1377 1610 1471 indicium,
1635 1382 1696 1455 de·

542 1477 660 1647 nrt
675 1470 1610 1650 tentiistttrnttftrtuetttr
1623 1499 1696 1650 t:

541 1580 764 1761 Btirlneftieldege
782 1632 903 1744 eterna
918 1669 1107 1757 dicuntur,
1141 1625 1299 1743 sedillud
1314 1666 1358 1739 de
1372 1584 1519 1741 troedgre
1535 1670 1695 1745 Sinaitr‘ro

416 1784 424 1791 ·
542 1772 621 1864 plus
637 1769 743 1842 semel
761 1768 939 1853 occurrit,
964 1766 1138 1841 &faciles
1153 1764 1305 1838 admittit
1318 1765 1595 1858 explicatoque
1607 1790 1695 1845 mox

539 1868 750 1959 videbimus.
807 1864 974 1942 Redemtr'o
996 1860 1090 1960 miffa
1110 1864 1226 1957 populo
1258 1882 1340 1935 cum
1367 1861 1412 1933 de
1436 1865 1612 1956 corporali
1633 1868 1695 1940 be-

540 1962 671 2040 neficio
686 1982 785 2055 aeque
802 1984 843 2035 ac
856 1959 1035 2053 spirituali
1051 1959 1259 2053 usurpetur,
1274 1958 1368 2031 nulla
1381 1959 1472 2033 ratio
1484 1959 1535 2033 est
1551 1983 1628 2037 eam
1649 1962 1694 2035 ad

539 2060 671 2135 Melliae
688 2074 828 2151 tempus
845 2054 1099 2154 restringendi3
1114 2077 1182 2129 nec
1199 2055 1386 2129 commode
1400 2055 1538 2149 potest,
1553 2081 1633 2133 cum
1655 2061 1693 2135 in

540 2174 643 2252 praet.
674 2174 858 2242 occurrat,
897 2152 1057 2248 adeoque
1085 2155 1158 2245 jam
1185 2148 1277 2224 fasta
1297 2150 1428 2242 fuerit,
1459 2156 1601 2248 quando
1621 2157 1692 2231 hoc

527 2252 719 2328 ¹canticum
738 2248 787 2323 est
801 2246 1046 2345 compositum.

587 2354 620 2441 q.
642 2346 702 2421 lX.
760 2374 788 2422 ι.
815 2348 872 2421 Ad
901 2346 1074 2422 beneficia
1099 2345 1235 2439 antiqui
1254 2346 1452 2440 temporis,
1494 2371 1565 2440 quo
1585 2350 1692 2426 lsrael
1844 2393 1851 2404 ·

541 2468 583 2521 err
607 2446 774 2541 Aegypto
798 2442 849 2517 est
868 2443 1034 2532 edusius,
1065 2445 1125 2534 hic
1145 2444 1285 2536 quidem
1306 2442 1501 2531 adluditur,
1526 2467 1635 2541 eaque
1651 2447 1688 2522 sr·

537 2544 611 2621 mul
634 2544 876 2618 celebrantur:
913 2562 1041 2617 verum
1055 2565 1124 2617 nec
1137 2540 1271 2628 solum,
1296 2560 1364 2614 nec
1380 2540 1579 2633 precipue,
1597 2546 1688 2621 eain

396 2703 417 2717 ,
538 2642 650 2718 oculis
672 2638 820 2713 fuerunt
840 2652 976 2731 poetae,
1002 2640 1061 2713 sed
1075 2652 1247 2733 quatenus
1264 2635 1326 2713 suo
1341 2652 1525 2728 tempore,
1550 2661 1621 2731 quo
1636 2640 1688 2716 Ps.

538 2734 723 2815 confedus
738 2733 808 2822 est,
830 2752 1021 2825 renovata,
1038 2734 1329 2818 &illustrioribus
1343 2732 1589 2829 speciminibus
1605 2758 1689 2813 con·

538 2832 697 2919 firmata,
722 2832 780 2903 vel
800 2830 921 2906 denuo
943 2830 1189 2925 representare
1208 2831 1288 2906 sunt
1302 2835 1339 2906 in
1354 2829 1576 2906 redemtione
1589 2832 1688 2909 Mac·
1747 2886 1749 2888 »
1860 2929 1864 2937 ,

538 2931 699 3015 cabaica,
724 2941 787 3021 per
808 2949 911 3019 quam
933 2930 1084 3023 populus
1105 2932 1236 3003 iterum
1258 2925 1327 3000 fuit
1349 2948 1370 2998 a
1387 2927 1558 3003 servitute
1578 2930 1612 3004 dr
1629 2932 1687 3006 ad·

349 3018 373 3039 “
406 3081 410 3087 ,
537 3024 689 3103 flidlione
711 3022 851 3098 exserta
870 3046 976 3099 manu
991 3025 1211 3110 vindicatus,
1235 3022 1386 3113 ditatus,
1411 3022 1497 3099 &in
1512 3026 1687 3119 poffeffio·

536 3146 619 3200 nem
642 3120 852 3195 hereditatis
872 3120 1047 3196 Gentium.
1063 3118 1250 3208 immissus,
1276 3119 1403 3193 foedus
1424 3142 1566 3215 quoque
1580 3126 1686 3201 Sinai-

537 3223 651 3296 ticum
672 3220 803 3294 iterum
827 3215 1074 3293 confirmatum
1094 3214 1156 3293 est.
1210 3216 1383 3311 Populum
1406 3239 1530 3294 recens
1554 3243 1599 3297 ex
1615 3223 1686 3297 Ae·
1727 3217 1734 3232 '

536 3334 649 3486 ἔγρεο
672 3317 882 3401 liberatum,
916 3316 950 3389 dt
969 3312 1141 3389 beneficia
1160 3312 1231 3389 Dei
1249 3314 1290 3388 in
1310 3311 1443 3408 ipsum,
1474 3317 1532 3391 hic
1548 3341 1617 3394 nec
1633 3319 1685 3395 so.

551 3436 613 3487 um
634 3432 703 3485 nec
726 3412 1083 3506 praeeminendi,
1109 3411 1295 3505 sequentes
1315 3413 1487 3487 evincunt
1514 3418 1682 3504 rationes.

541 3532 575 3584 1.
595 3509 717 3601 Opera
739 3506 827 3597 Dei,
860 3506 1091 3583 &beneficia
1117 3510 1270 3597 Israelis,
1307 3532 1384 3604 quar
1408 3514 1590 3588 materiam
1613 3515 1685 3589 lau·

537 3606 687 3681 dationis
709 3602 949 3697 suppeditant,
975 3608 1011 3679 in
1028 3608 1092 3679 hac
1107 3606 1175 3680 ode
1190 3606 1505 3702 representantur,
1520 3623 1686 3703 tanquam

532 3700 674 3797 justitiae
695 3700 963 3794 Deioperpetuo
979 3702 1161 3792 durantis,
1200 3702 1450 3778 recordationis
1477 3702 1576 3795 Dei,
1616 3730 1685 3801 qua

537 3800 693 3875 foederis
716 3797 890 3873 rationem
910 3802 1039 3891 habet,
1066 3814 1268 3895 perpetuae,
1292 3822 1361 3875 nec
1379 3822 1452 3876 non
1468 3799 1623 3877 foederis
1639 3831 1691 3880 aea

419 3960 422 3965 .
538 3913 681 3970 ternum
700 3896 897 3979 manentis,
928 3898 1020 3994 signa
1041 3900 1077 3973 dr
1096 3896 1251 3971 effedtaz·
1271 3912 1312 3971 ut
1330 3920 1375 3970 ex
1398 3912 1476 3973 toto
1501 3901 1551 3981 Ps.
1569 3912 1696 3994 patet·

532 3991 622 4070 Non
644 3992 762 4086 itaque
783 3992 888 4089 primi
910 3996 1099 4088 temporis,
1122 4016 1197 4090 quo
1219 3992 1345 4070 foedus
1371 3995 1496 4073 initum
1513 3996 1586 4170 ep,
1620 3998 1679 4074 sed

1549 4116 1679 4189 equen.
