3984 5159
369 531 376 544 '
439 576 511 657 ln,
577 512 943 640 essin.
1003 561 1256 660 extrita,
1345 583 1418 666 709

216 797 221 804 .
258 749 345 818 tum.
395 742 491 821 Alibi
511 744 549 819 in
570 742 621 820 Pt
646 721 1000 840 eiusdem'temporis
1023 746 1096 840 est,
1112 747 1243 842 festino
1262 749 1305 823 ed
1319 736 1426 824 anet

255 839 339 913 bun
363 865 467 916 muru
488 842 538 916 Pl.
561 864 618 918 rt:
645 866 721 935 14,
752 859 794 919 ut
818 843 922 918 &1²12
946 865 1041 920 narr:
1069 852 1123 923 18.
1150 847 1193 932 δ’
1214 872 1255 922 ne
1277 851 1415 921 occultes

247 932 378 1028 furiem
400 953 492 1012 tuan
511 962 532 1010 a
541 938 642 1034 seruo
666 956 742 1029 tuo,
768 946 845 1038 quia
865 941 988 1016 arbum
1003 947 1103 1034 miii,
1120 943 1251 1041 festina
1266 943 1414 1042 responde

257 1038 359 1125 nihi,
385 1036 489 1132 plane
504 1038 632 1112 uthis:
659 1041 720 1113 ubi
732 1039 804 1113 vid.
827 1037 927 1114 ditia.
979 1062 1013 1133 3.
1039 1041 1204 1137 Denique
1222 1059 1324 1140 urget
1336 1063 1417 1136 pre·

258 1151 319 1206 ces
332 1134 472 1227 duplice
495 1135 654 1227 ratione,
670 1141 776 1209 attera
789 1138 832 1209 ab
847 1137 953 1210 animi
967 1138 1020 1210 su'i
1033 1137 1146 1227 statu,
1172 1144 1279 1214 altero
1294 1137 1414 1234 aperi-

262 1231 345 1305 culo
361 1229 499 1304 infamis
512 1233 636 1307 mortis
651 1232 818 1307 desumta.
860 1230 962 1304 Prior
978 1235 1031 1306 his
1047 1238 1166 1312 verbis
1183 1239 1411 1325 continetur,
1499 1307 1501 1312 ,

256 1327 438 1422 consumtus
455 1325 649 1423 estspiritus
663 1342 782 1416 neus,
795 1326 929 1401 scilicet
947 1333 1087 1420 vitales,-
1111 1335 1164 1408 uti
1179 1333 1326 1411 sumitur
1340 1355 1414 1407 vox

262 1453 313 1500 nn
333 1425 438 1498 Prov.
460 1445 518 1499 xv:
547 1448 601 1519 ¹3·
629 1427 689 1499 ubi
709 1425 781 1496 vid.
809 1422 1015 1511 Schultens,
1047 1427 1119 1500 sive
1142 1432 1315 1523 defiderio,
1340 1429 1412 1502 live
1472 1477 1474 1480 -

259 1544 397 1596 moerore
419 1523 456 1596 u
469 1523 666 1596 anxietate:
692 1521 791 1612 cujus
806 1519 988 1612 utriusque
1005 1521 1063 1593 hic
1077 1523 1176 1598 locus
1192 1527 1260 1600 elle
1274 1526 1413 1621 potest,

263 1619 297 1694 ἂ
314 1621 464 1694 verbum
485 1624 546 1695 ni:
561 1636 751 1714 utrumque
764 1616 930 1692 admittit.
981 1617 1036 1692 Ita
1051 1641 1134 1694 cum
1149 1649 1189 1721 pp
1202 1628 1288 1696 oculo
1305 1626 1413 1698 &nna

264 1723 378 1791 animo
398 1716 545 1815 flagrans
561 1716 820 1792 &consumens
836 1714 1045 1791 deliderium
1059 1713 1415 1814 fignat,Pl.cxrrx1v:

265 1838 300 1912 3.
325 1837 429 1890 cxix:
455 1814 685 1891 annolini.
745 1815 936 1902 Ceterum,
967 1812 1148 1909 consumtus
1171 1813 1236 1906 est,
1268 1818 1413 1909 proprie

262 1915 356 2002 tube,
381 1912 478 2006 quod
496 1909 668 1984 deiiderio
689 1908 722 1981 &
738 1907 993 1984 tribueretis
1008 1911 1199 1999 convenit,
1223 1910 1417 1989 secundum

265 2009 478 2098 rinnathi,
502 2009 561 2080 hie
573 2007 668 2082 idem
686 2005 777 2095 effe,
801 2027 844 2079 ac
863 2005 942 2081 fere
957 2006 1030 2097 est,
1056 2030 1168 2103 prope
1184 2007 1303 2098 abest,
1330 2009 1417 2102 quin

264 2105 327 2194 sit,
351 2125 436 2178 mox
456 2103 545 2192 erit,
569 2101 674 2178 facile
696 2102 914 2201 intelligitur.
974 2102 1140 2202 Posterior
1158 2109 1250 2180 ratio
1272 2106 1323 2181 his
1338 2128 1417 2180 ver-

263 2203 317 2279 bis
337 2199 506 2276 effertur:
533 2199 577 2286 δ’
597 2206 634 2275 in
654 2203 833 2295 exemplum
850 2203 1004 2275 traducor
1024 2227 1094 2277 eum
1111 2201 1366 2298 descendentibus
1381 2207 1419 2280 in

255 2297 416 2392 foueam,
440 2297 527 2370 be.
548 2294 612 2372 fiet
635 2297 753 2385 enim,
776 2295 945 2382 stfaciem
960 2298 1090 2372 diutius
1105 2303 1285 2393 occultes,
1311 2319 1353 2376 ut
1365 2301 1418 2377 in·

264 2395 349 2470 fami
365 2409 484 2470 morte
500 2396 728 2470 occumbam:
753 2394 844 2468 banc
860 2394 955 2468 enim
977 2395 1051 2471 vim
1074 2396 1132 2468 hic
1154 2395 1259 2472 habet
1285 2400 1414 2473 vocula

261 2490 476 2568 connestens
500 2491 591 2584 ιδ’,
617 2513 684 2566 nec
705 2513 795 2584 opus
816 2488 889 2580 est,
914 2505 955 2566 ut
968 2489 1170 2586 suppleatur
1189 2503 1228 2572 bn
1243 2517 1303 2586 ne,
1328 2493 1413 2571 Vid.

260 2590 313 2666 Pl.
331 2611 482 2665 mvrrr:
502 2613 531 2664 1.
585 2587 714 2663 Pbrafis
727 2586 779 2660 est
795 2586 939 2674 setena,
965 2611 1042 2682 quae
1056 2589 1226 2664 infamem
1241 2608 1414 2680 mortem,

262 2687 456 2782 exemplari
482 2708 600 2781 poena
627 2683 811 2776 inflinan,
851 2683 1016 2783 delignat.
1055 2684 1162 2762 Coni.
1187 2685 1340 2762 dictand
1361 2687 1413 2764 Pt

262 2805 419 2859 rxvrrr.
445 2805 477 2855 1.
808 2840 812 2844 a

284 2885 344 2972 ·§.
359 2877 456 2952 XlV.
509 2911 546 2977 γ.
576 2879 709 2956 Tertius
728 2883 914 2975 articulus,
940 2884 1001 2978 qui
1014 2880 1197 2979 specialior
1210 2883 1326 2960 adhuc
1341 2881 1414 2976 est,

262 2975 297 3050 ir
319 2977 363 3049 de
385 2977 610 3053 incremento
631 2977 767 3053 fiduciae
789 2979 955 3071 testatur,
990 2981 1044 3055 bis
1067 2980 1341 3077 comprehensus
1364 2981 1416 3055 est

260 3074 399 3164 verbis,
415 3073 503 3149 vert
525 3078 557 3151 8.
579 3074 710 3151 Audire
724 3075 845 3170 mefac
857 3101 951 3152 mone
964 3081 1195 3175 benignitatem
1211 3093 1320 3167 tuom,
1339 3083 1421 3172 quie

262 3174 326 3244 tili
343 3169 484 3264 confido,
509 3188 618 3247 notem
632 3171 783 3268 niiifec
804 3181 917 3265 nium,
941 3198 1005 3272 quo
1026 3179 1214 3263 amulone,
1240 3180 1315 3270 quio
1329 3177 1372 3248 ud
1386 3189 1419 3249 te

254 3264 381 3365 sustuli
401 3275 545 3344 aninum
566 3293 679 3344 neom.
705 3271 739 3346 h.
756 3293 788 3344 e.
816 3271 895 3363 fac,
920 3290 980 3363 ut,
1006 3271 1111 3347 noile
1126 3271 1351 3368 calamitatis,
1375 3273 1414 3349 in

265 3388 332 3458 qua
359 3365 500 3456 versor,
532 3368 633 3441 brevi
658 3364 776 3457 linita,
802 3370 968 3464 proximo
990 3391 1094 3444 mane
1122 3368 1260 3443 audiam
1282 3390 1414 3445 vocem

265 3479 381 3552 tuam,
414 3485 482 3554 qua
505 3463 663 3556 praecipis
689 3467 945 3560 benignitatem
968 3465 1054 3538 mihi
1073 3463 1293 3555 faciendam
1332 3467 1414 3560 quia

262 3559 300 3633 in
330 3573 368 3633 te
394 3557 557 3633 fiduciam
586 3580 700 3634 meam
725 3562 888 3649 coll0c03
919 3581 992 3654 quo
1018 3559 1080 3636 lini
1100 3583 1186 3650 orn,
1219 3577 1261 3636 ut
1280 3584 1338 3639 me
1353 3565 1413 3638 in·

262 3655 390 3743 struas,
406 3677 475 3751 qua
488 3657 689 3730 rationeme
702 3679 826 3754 gerere
839 3658 1006 3747 debeam,
1024 3675 1084 3748 ut,
1101 3659 1196 3752 quod
1209 3658 1295 3734 mihi
1310 3662 1416 3736 unice

263 3755 300 3828 in
317 3753 411 3827 votis
432 3751 505 3841 est,
530 3768 566 3826 te
581 3775 699 3830 coram
718 3752 826 3830 fruar.
874 3756 968 3829 Duae
997 3752 1078 3830 sunt
1101 3757 1314 3850 precationis
1339 3781 1416 3852 pat·

264 3865 337 3924 tes:
363 3856 468 3924 altero
490 3849 562 3939 est,
587 3873 677 3944 qua,
702 3867 743 3927 ut
762 3852 936 3950 gratia&
961 3851 1185 3950 benignitatis
1204 3849 1273 3926 Dei
1288 3875 1416 3932 vocem

265 3947 387 4035 brevi,
411 3948 610 4023 calamitate
631 3945 749 4037 finita,
781 3949 918 4040 audiat,
949 3946 1141 4043 supplicat,
1175 3950 1292 4028 addita
1314 3957 1419 4030 ratio·

262 4064 309 4118 ne
330 4059 501 4120 movente
520 4067 541 4120 a
561 4041 690 4121 fiducia
710 4043 988 4216 sua1rp7Deum3
1014 4053 1142 4140 alteru,
1157 4070 1223 4143 qua
1247 4051 1283 4124 in
1301 4046 1417 4216 viabarl

285 4173 292 4209 z
724 4204 727 4210 .
848 4165 982 4239 vvv3
1375 4163 1413 4216 er
