3984 5159
253 519 256 527 ·
385 511 393 520 ‚
515 505 592 600 με
694 445 1522 572 comurnrnnrus·

525 674 608 763 det,
620 669 716 768 quod
730 669 855 745 incolae
869 665 951 742 Deo
965 660 1085 740 veraci
1100 660 1133 736 dt
1146 663 1245 738 bono
1261 659 1465 754 confidant,
1481 682 1549 742 nec
1566 664 1690 744 ulium.
1709 719 1711 726 ·

523 773 571 848 de
595 767 908 865 inexpugnabilitas
929 758 1205 854 Hierosolymae,
1232 781 1336 854 quam
1357 783 1377 834 a
1400 759 1545 855 Jebovae
1560 777 1681 858 prote·

527 865 668 956 ctione,
688 864 742 938 est
754 860 955 937 derivanda.
1004 857 1077 932 Etsi
1091 857 1186 932 enim
1203 855 1312 932 Tlion
1327 855 1431 934 firmo
1444 857 1510 934 stet
1526 859 1618 950 talo,
1644 859 1681 934 u

527 979 702 1040 aeternum
729 956 912 1052 censeatur
933 951 1158 1067 infidcndus,
1189 952 1435 1050 Hierosolyma
1457 958 1563 1032 etiam
1589 960 1681 1030 altor

445 1111 449 1116 -
528 1082 571 1134 ac
592 1058 840 1153 insuperabiles
859 1056 987 1130 haheat
1009 1051 1212 1127 incircuitu
1229 1065 1390 1127 montes:
1415 1065 1594 1143 attamen,
1617 1051 1680 1128 nili

513 1157 681 1252 'populus
702 1153 849 1248 Jebovae
871 1150 978 1240 fidat,
999 1143 1045 1225 ‘dr
1065 1145 1207 1242 Jelrova
1226 1147 1344 1224 locum
1370 1149 1468 1225 illurn
1484 1151 1542 1224 sua
1555 1164 1685 1245 poten·
1746 1179 1749 1184 ,
1896 1167 1898 1176 v

528 1252 631 1328 tia&
649 1251 776 1326 favore
790 1262 955 1348 protegat
968 1267 1017 1320 ac
1039 1245 1196 1336 muniat,
1220 1265 1311 1320 vana
1331 1247 1400 1332 erit
1413 1247 1447 1318 dr
1460 1245 1601 1322 Tironis
1619 1248 1686 1322 im·

528 1350 730 1438 mobilitas,
753 1345 790 1424 dc
812 1343 1066 1436 Hierosolymae
1086 1341 1245 1418 firmitas.
1300 1339 1443 1443 Quare,
1474 1342 1499 1417 si
1520 1367 1579 1428 res
1594 1337 1697 1420 vero'
1717 1398 1725 1419 ,

530 1445 596 1522 suo
618 1447 763 1523 nomine
793 1443 834 1518 fit
862 1439 1112 1538 exprimenda,
1149 1460 1218 1513 nec
1245 1436 1356 1514 Tfion
1382 1463 1488 1518 mons
1515 1441 1697 1530 dicendus·

532 1546 603 1620 erit
618 1542 827 1629 immobilis,
865 1562 934 1616 nec
954 1537 1139 1612 montibus
1160 1534 1229 1609 erit
1247 1535 1502 1631 Hierosolymae
1522 1536 1700 1614 stabilitas·

385 1710 388 1717 ,
532 1639 778 1732 attribuenda,
812 1636 871 1712 sed
880 1633 1020 1729 fidentes
1044 1631 1190 1728 Jehovae
1212 1631 1272 1706 ille
1301 1655 1406 1710 mons
1430 1625 1561 1724 Tsron,
1589 1651 1688 1710 teter·

534 1761 623 1816 num
637 1733 864 1821 incolendos,
889 1731 989 1818 sunt,
1011 1728 1306 1822 &Hierosolyma
1321 1731 1600 1829 inexpugnabilis
1614 1731 1690 1824 est,

535 1836 619 1932 quia
642 1833 775 1909 Divina
798 1827 935 1938 tutela,
965 1841 1134 1922 tanquam
1158 1826 1339 1908 montibus
1363 1849 1405 1902 ac
1427 1830 1556 1921 muris,
1582 1829 1707 1929 cingi·
1742 1889 1744 1892 .
1898 1869 1900 1876 ,

537 1948 620 2118 tur§.·
635 2025 717 2101 Vll.
742 1982 902 2117 Respicit
926 2033 1033 2119 poeta
1060 2019 1103 2094 ad
1128 2005 1369 2116 praejudicatas
1387 2017 1592 2118 Judaeomm
1614 1975 1705 2120 0qu

537 2126 686 2212 niones,
710 2121 835 2216 quibus
857 2117 965 2197 status
989 2115 1041 2191 sui
1062 2116 1232 2195 fulcimen
1255 2113 1290 2194 in
1311 2117 1385 2214 ipso
1409 2116 1541 2196 Tirone
1559 2125 1594 2198 dr
1609 2123 1706 2198 Hie-n
1825 2158 1828 2168 ·

539 2219 720 2312 rosolyma
740 2219 920 2314 ponebat,
950 2213 1016 2290 acsr
1039 2213 1073 2288 dr
1095 2213 1176 2290 litus
1197 2237 1323 2292 eorum
1348 2217 1512 2294 locorum
1527 2219 1614 2294 ellet
1631 2221 1708 2296 im-.

539 2315 681 2392 mobilis
711 2338 753 2389 ac
781 2311 1081 2410 inexpugnabilis,
1118 2335 1186 2386 nec
1209 2309 1287 2386 fieri
1311 2311 1444 2406 posset,
1477 2334 1519 2390 ut
1543 2338 1695 2415 regnum
1787 2393 1790 2396 ,
1882 2365 1887 2372 -

540 2413 710 2502 Davidis,
731 2414 768 2488 in
790 2433 838 2485 eo
859 2426 985 2486 monte
1004 2407 1211 2498 fundatum,
1237 2411 1273 2484 u
1289 2408 1482 2504 Templum
1496 2411 1647 2488 Domini
1661 2414 1696 2486 ei

540 2511 743 2610 alligatum,
767 2507 1046 2583 destruerentur.
1092 2504 1263 2603 Agnoscit
1276 2505 1396 2582 auttor
1411 2507 1505 2582 sacer
1522 2509 1581 2584 lias
1595 2509 1708 2584 Tuo.

541 2609 599 2692 nis
618 2609 653 2683 δι
672 2605 926 2704 Hierosolyma
945 2603 1218 2700 praerogativas,
1249 2603 1285 2676 dr
1306 2607 1401 2678 illum
1424 2607 1508 2680 loco
1528 2629 1601 2680 non
1623 2603 1696 2679 elle

542 2703 786 2792 movendum,
811 2702 870 2775 sed
884 2717 1051 2774 eternam
1067 2721 1117 2793 po
1143 2700 1202 2774 ulo
1217 2699 1445 2794 ptaebiturum
1462 2702 1712 2793 mansionem,

543 2801 579 2874 dr
603 2803 685 2872 banc
709 2798 892 2872 montibus
908 2794 1029 2870 santus
1050 2817 1091 2869 ac
1106 2723 1213 2870 {mnis
1235 2797 1305 2870 elle
1322 2795 1493 2888 cindiam3
1516 2799 1595 2888 led,
1620 2801 1699 2874 haec

544 2918 632 2974 vera
647 2892 819 2968 firmitatis
834 2915 876 2966 ac
889 2893 1133 2988 perpetuitatis
1147 2915 1270 2986 eorum
1287 2894 1356 2967 elle
1372 2894 1622 2988 fundamenta,
1638 2919 1701 2972 ne·
1784 2925 1788 2930 ·

544 3012 628 3094 gat,
651 2993 784 3088 qm'ppe
806 3013 884 3086 quae
904 3010 988 3068 cum
1002 2985 1177 3083 infiducia
1191 2985 1360 3083 Jelrouae,
1385 3008 1461 3068 tum
1475 2995 1513 3070 in
1526 2994 1606 3086 ejus
1616 3017 1698 3089 pro·

546 3093 724 3176 tedlione,
740 3085 810 3162 eise
825 3084 935 3182 polita
948 3086 1114 3164 declarat.
1131 3085 1215 3160 Duo
1231 3089 1347 3180 itaque
1362 3091 1432 3186 agit
1449 3106 1577 3182 poeta,
1600 3123 1632 3165 a.
1642 3113 1701 3188 ag·

546 3189 662 3271 noscit
682 3185 821 3262 Tironis
842 3183 877 3258 δι
898 3180 1153 3276 Hierosolymae
1170 3184 1404 3274 munitiones,
1432 3189 1469 3262 ἁ
1481 3185 1620 3264 firmum
1637 3187 1700 3263 ila·

313 3373 317 3380 ¹
414 3313 418 3318 -
546 3309 642 3369 tum,
688 3290 727 3374 β.·
752 3283 863 3358 Vetas
878 3280 953 3374 ejus
971 3280 1024 3354 rei
1041 3278 1376 3357 causasurationes
1393 3285 1552 3376 exponit.

425 3469 429 3481 ,
598 3394 631 3480 §.
646 3382 743 3459 Vlll.
792 3412 828 3455 a.
853 3377 1048 3467 Concedit,
1074 3375 1245 3452 Tlionem
1264 3401 1334 3454 non
1364 3379 1433 3452 elle
1454 3383 1535 3456 loco
1554 3403 1703 3460 moven-

550 3485 656 3568 dum,
682 3481 742 3556 sed
762 3491 932 3556 aternum
953 3473 1205 3562 incolendum,
1230 3476 1318 3549 ut&
1341 3477 1619 3572 Hierosolymam
1635 3503 1701 3574 per

550 3594 693 3687 montes
716 3579 794 3651 suos
818 3574 886 3648 else
911 3571 1061 3647 firmam.
1119 3571 1171 3643 lta
1191 3572 1284 3683 enirn
1310 3571 1479 3665 posterius
1506 3579 1594 3651 vers.
1612 3601 1644 3650 r.
1667 3581 1704 3654 dt

551 3671 830 3846 llllilillet.
848 3663 1702 3864 lilllllmilltltllllalllllllllt

552 3867 592 3941 h.
611 3885 646 3939 e.
665 3861 710 3936 ad
730 3859 1011 3956 Hierosolymam
1036 3858 1132 3972 quod
1152 3857 1302 3950 attinet,
1334 3885 1463 3938 verum
1486 3863 1555 3952 est,
1586 3873 1704 3938 monti-

547 3965 613 4052 βας
626 3981 703 4042 eam
719 3953 789 4032 elie
802 3959 1026 4057 undiquaque
1041 3951 1208 4051 erudiam,
1231 3959 1412 4036 montibus
1420 4010 1433 4052 ,
1458 3960 1492 4036 dr
1507 3959 1704 4133 pcrsgrrtllr‘-

607 4096 612 4103 ·
1619 4081 1705 4136 aera
