3984 5159
417 482 518 622 'ln
590 536 959 620 runnu.
1041 527 1274 648 crir1123.
1371 575 1446 660 301

278 727 372 828 lyme
391 731 475 807 urbs
497 725 598 803 audit
621 731 732 802 uniter
745 733 992 824 compaginata,
1007 729 1095 826 'quae
1112 735 1316 816 universum
1328 759 1442 838 popu·

278 831 352 908 lum
367 832 404 904 in
420 828 477 920 se,
502 827 646 900 &intra
662 823 719 914 se,
744 826 782 900 in
805 848 917 901 unum
933 847 1064 920 corpus
1078 834 1286 932 compingit.
1469 811 1476 844 ⁸

324 925 356 1022 q.
373 925 472 1001 XVl.
498 923 585 1026 Quo
601 940 767 1016 tempore
783 921 834 998 Ps.
855 925 1026 998 aDavide
1040 924 1091 1000 est
1105 933 1338 1024 cornposrtus,
1364 933 1439 1028 ipse

277 1027 320 1102 ad
355 1020 642 1116 Hierosolymam
676 1021 870 1095 ornandam
902 1022 1204 1102 &extollendam
1228 1031 1300 1121 jam
1327 1034 1440 1110 multa

252 1123 495 1199 contulerat.
543 1117 755 1195 Tribunalia
784 1141 860 1194 non
888 1133 1029 1196 tanturn
1052 1121 1155 1198 inea
1183 1145 1362 1218 erexerat,
1403 1131 1442 1208 δι

272 1221 399 1296 sedern
424 1217 525 1315 regni
546 1237 624 1291 eam
651 1215 907 1306 constituerat,
932 1217 992 1290 sed
1008 1219 1041 1291 u
1059 1220 1278 1314 luperiorem
1293 1227 1438 1318 urbem,

274 1319 452 1394 Tlionem
474 1316 510 1390 ἃ
537 1317 717 1389 civitatem
747 1313 893 1387 Davldis
929 1317 1168 1408 appellatam,
1209 1323 1437 1416 muniverat,
1515 1328 1521 1360 '

263 1417 313 1494 ,u
343 1415 567 1506 undiquaque
596 1399 885 1485 exedificaverat.
947 1410 1150 1488 Condidille
1173 1421 1269 1494 enim
1290 1422 1440 1500 traditur

276 1514 410 1588 urbem
425 1517 665 1604 circumquaque
680 1533 701 1583 a
715 1506 858 1582 Milium
874 1505 1055 1604 introrsus,
1084 1533 1103 1584 2
1118 1515 1211 1590 Sam.
1229 1519 1263 1590 v':
1281 1539 1314 1612 9.
1361 1519 1440 1596 Iino

275 1607 412 1782 {bubus
429 1610 502 1700 jam
521 1609 677 1702 reliquum
699 1609 810 1680 urbem
834 1603 1098 1680 instauraverat.
1137 1633 1151 1682 1
1171 1609 1307 1688 Chron.
1334 1637 1381 1692 xi:
1406 1623 1439 1694 8.

325 1711 382 1780 iilo
413 1706 512 1780 locus
540 1703 798 1797 Hierosolymae
818 1703 890 1779 fuit
910 1704 1004 1778 inter
1027 1703 1195 1781 Tfionenr
1218 1710 1252 1781 &
1275 1727 1438 1793 montem
1532 1723 1533 1726 ‘

274 1804 433 1898 Templi.
483 1799 553 1878 Sed
575 1799 722 1893 salomo,
743 1802 909 1898 quicquid
931 1803 974 1876 ad
995 1801 1167 1880 summurn
1182 1806 1256 1897 ejus
1272 1830 1438 1890 ornatum

81 1958 82 1971 ,
265 1899 490 1989 deficiebat,
529 1899 738 1992 complevit.
801 1898 1117 1993 Splendidrffinrurn
1146 1905 1183 1977 in
1216 1926 1256 1975 ea
1276 1907 1437 1982 condidit

129 2036 134 2044 ·
266 2000 490 2095 Templum,
520 1997 636 2073 aulam
657 1999 810 2094 regiam,
846 1997 971 2091 palatia
989 2000 1324 2094 atiautribunalim
1350 2025 1438 2098 prae·
1562 2019 1568 2026 ‘

271 2111 374 2174 terea
404 2117 498 2170 muro
525 2095 799 2188 circumquaque
824 2095 946 2171 cinxit.
1005 2094 1061 2170 De
1092 2119 1138 2171 eo
1165 2101 1259 2174 enirn
1289 2100 1436 2176 testatur

270 2195 411 2271 Auitor
433 2195 512 2267 libr.
540 2216 571 2266 1.
593 2189 729 2266 Cbron.
756 2214 805 2268 ur:
834 2215 888 2283 15.
912 2214 994 2269 eurn
1016 2191 1196 2270 aedificaffe
1213 2199 1319 2272 aedem
1337 2197 1437 2298 Jrho·

269 2317 361 2383 vae,
386 2295 511 2366 domum
521 2289 621 2386 suum
636 2287 836 2378 lunonem,
860 2288 990 2383 Qrum
1004 2287 1247 2388 Hierosolymo
1261 2298 1326 2371 &o
1350 2295 1438 2374 Huc

270 2389 463 2464 Saloninis
484 2409 593 2484 opera
608 2409 690 2462 curn
705 2386 822 2461 David
838 2402 940 2464 certo
954 2387 1060 2463 sciret
1075 2391 1182 2482 paulo
1198 2391 1277 2482 post
1291 2393 1360 2464 elle
1375 2417 1436 2469 ex.
1504 2449 1507 2456 .

81 2486 82 2515 ³
195 2529 199 2535 -
273 2483 461 2577 struenda,
483 2483 527 2559 ad
544 2507 623 2578 quae
636 2484 708 2578 ipse
722 2486 905 2584 ingentem
920 2487 1081 2562 omnium
1094 2507 1212 2560 renam
1229 2503 1435 2580 apparatum

270 2582 434 2671 fecerat,
457 2605 613 2676 cumque
624 2582 668 2656 de
683 2583 950 2677 Hierosolyma,
971 2583 1051 2667 sede
1067 2581 1246 2678 religionis
1262 2585 1434 2683 &regni,
1580 2653 1585 2663 ,

273 2680 455 2759 clariffima
481 2679 670 2773 accepillet
692 2681 875 2775 promilla,
907 2681 1027 2756 aDeo
1042 2676 1104 2772 ipsi
1119 2677 1227 2767 fabiam
1253 2679 1337 2757 hinc
1354 2681 1432 2773 est,

273 2777 480 2873 quodipse-
504 2777 664 2853 laetitiam
692 2775 788 2854 suam
816 2779 861 2851 de
883 2799 927 2853 ea
955 2778 1089 2873 tejam
1119 2774 1357 2872 testificetur,
1397 2781 1434 2856 bc

274 2873 562 2967 Hierosolymam
581 2875 644 2947 fibi
665 2889 831 2970 tanquam
851 2876 919 2958 illis
932 2897 1047 2972 praero
1071 2875 1173 2950 ativis
1185 2878 1255 2968 J'arn
1271 2894 1434 2969 ornatam

271 2976 324 3051 ob
347 2972 474 3047 oculos
491 2973 670 3066 posuerit3
695 2995 854 3048 necnon
876 2972 925 3047 de.
951 2976 1026 3067 ejus
1047 2899 1233 3069 iplendore
1256 2977 1289 3048 δι
1310 2980 1433 3064 bonis,

268 3072 359 3146 licet
373 3091 532 3166 magnam
546 3086 685 3164 partem
693 3066 828 3161 futuris
842 3071 982 3163 adhuc,
997 3072 1165 3166 loquatur
1180 3086 1344 3167 tanquam
1358 3074 1433 3164 iam

270 3166 512 3265 praesentibus.
565 3167 606 3242 ln
626 3189 699 3262 quo
712 3167 800 3252 nibil
816 3166 868 3242 est
881 3170 1036 3261 remoti,
1062 3171 1221 3268 &longe
1238 3167 1381 3266 quaeiiti.

239 3349 243 3352 ,
321 3271 355 3358 §.
374 3263 491 3340 XVll.
516 3263 650 3361 Religio
671 3265 706 3339 ἃ
724 3266 873 3361 judicia,
897 3267 967 3342 rite
983 3266 1241 3354 administrata,
1268 3265 1432 3358 quemad·

223 3375 243 3411 '·
269 3363 420 3447 modum
441 3385 665 3458 quascunque
686 3363 797 3440 urbes·
814 3362 936 3437 felices
961 3363 1168 3438 &celebres
1184 3357 1359 3450 reddunt,
1383 3361 1432 3436 lie

269 3461 380 3560 longe
403 3458 686 3535 felieiffimant&
708 3461 974 3538 celeberrimam
988 3457 1210 3540 constituunt
1221 3461 1368 3548 urbem,
1395 3462 1433 3534 in

268 3581 342 3651 qua
365 3559 439 3634 sola
459 3555 613 3634 univerfi
635 3559 760 3652 populi
773 3557 961 3630 tribunalia
975 3553 1127 3641 sedent.
1145 3556 1178 3628 δι
1194 3555 1320 3651 religio
1334 3556 1431 3632 reele

269 3657 443 3733 exerceri.
449 3653 579 3750 potest.
617 3652 708 3753 Quoe
728 3655 820 3728 ratio
833 3651 905 3738 est,
931 3672 1038 3746 quare
1055 3675 1075 3726 a
1090 3651 1221 3737 duabus
1234 3653 1331 3729 hisce
1346 3677 1431 3748 prae.

269 3755 442 3852 rogativis
466 3749 712 3845 Hierosolyma
738 3753 796 3826 bic
817 3751 1042 3842 celebretur,
1075 3747 1166 3824 vers.
1188 3773 1225 3841 4,
1250 3772 1285 3843 5.
1329 3746 1432 3828 'nen

270 3853 387 3949 gionis
422 3848 542 3924 sedern
577 3849 832 3943 Hierosolymie
858 3850 1033 3949 alligatam
1067 3845 1158 3924 vers.
1176 3871 1209 3938 4.
1240 3851 1292 3923 bis
1314 3852 1433 3926 verbis
1523 3851 1525 3854 ’

270 3947 449 4045 exprimit.
501 3943 579 4048 Quo
598 3945 773 4044 ascendunt
788 3952 920 4040 tribur.
940 3950 1046 4022 tribus
1061 3945 1151 4034 Dei,
1159 3944 1348 4040 statutum,
1372 3949 1433 4024 vel

269 4043 557 4143 uramentumefl
565 4041 684 4125 bruti
699 4041 973 4222 adcunfitlgudum
988 4041 1433 4149 uominiJebuvue.h.eto·
