3984 5159
540 631 627 730 79⁶
739 598 1564 706 e‘omm‘n'urirnrus

555 809 701 889 laudent
725 812 863 889 Deum:
894 810 983 886 srcut'
1010 809 1059 884 et
1083 829 1154 886 xix.
1180 813 1258 884 coeli
1279 826 1434 884 enarrant
1456 809 1592 904 gloriam
1617 805 1712 898 Dei,

557 909 603 994 Θ
629 927 707 1006 opus
731 935 886 984 mannum
907 913 976 1004 ejus
999 903 1183 1002 expansum.
1233 905 1392 982 Notatur
1406 926 1541 980 tanturn
1566 928 1595 980 r.
1612 911 1713 978 coeloe

556 1009 741 1082 coelorum
759 1007 827 1080 elle
842 1009 1041 1100 supremum
1060 1003 1222 1090 eoelum,
1247 1003 1339 1094 stylo
1353 1005 1477 1098 Script.
1500 1003 1581 1076 Vid.
1597 1003 1640 1074 ad
1654 1001 1712 1076 Ps.

555 1121 712 1178 txvrrr:
736 1127 795 1198 30.
830 1125 861 1176 2.
889 1124 989 1198 aquas
1001 1099 1102 1196 super
1119 1099 1317 1190 coelirelle,
1367 1099 1708 1175 uaenubibusinclu·

555 1199 598 1272 sae
614 1199 713 1286 sunt,
739 1199 893 1273 &coelo
908 1219 1036 1286 aereo,
1062 1194 1121 1270 seu
1137 1199 1290 1288 expanso
1306 1247 1317 1286 ,
1343 1125 1625 1289 iuberentnenr:
1652 1195 1707 1268 uti

555 1293 781 1368 manifestum
798 1293 849 1367 est
872 1317 917 1368 err
933 1293 1024 1366 Gen.
1045 1315 1075 1366 1:
1092 1297 1123 1368 8.
1150 1315 1222 1385 quo
1239 1295 1344 1368 etiarn
1362 1292 1469 1381 facit,
1494 1295 1591 1386 quod
1606 1313 1711 1366 arnan
1820 1323 1828 1330 ·

553 1391 661 1464 iidem
680 1391 772 1464 coeli
784 1391 872 1480 lint,
884 1411 1035 1484 quorum
1047 1390 1157 1462 modo
1171 1387 1260 1462 rana
1275 1405 1349 1464 erat
1363 1391 1486 1464 eadem
1502 1411 1592 1464 voce
1607 1409 1706 1466 men·

554 1487 630 1573 tio,
654 1489 816 1578 aquibus
837 1493 915 1560 coeli
930 1489 1112 1560 coelorum
1127 1483 1399 1580 distinguuntur.
1429 1486 1557 1560 Errant
1569 1489 1705 1578 itaque,

580 1583 614 1656 ui
636 1581 679 1654 de
699 1585 796 1677 aquis
817 1584 917 1677 supra
932 1581 1002 1674 ipsa
1018 1581 1124 1654 fidere
1139 1583 1316 1678 cogitant,
1340 1584 1448 1656 &eas
1462 1583 1545 1656 hinc
1557 1585 1704 1656 demon·

553 1605 663 1753 arare
692 1697 877 1755 conentur.
926 1679 1008 1778 Qua
1032 1679 1168 1752 ratione
1185 1699 1275 1751 vero
1289 1681 1398 1752 coelis
1412 1680 1573 1752 omnibus
1589 1681 1704 1770 injun-

553 1791 656 1872 gutur
671 1777 824 1851 laudatio
838 1777 1005 1868 Jebovae,
1038 1795 1082 1848 ex
1096 1771 1205 1848 modo
1220 1773 1320 1850 dietis
1331 1772 1551 1850 manifestum
1566 1773 1627 1849 est.
1807 1852 1813 1863 ,

553 1914 557 1921 ·
602 1875 634 1964 §.
649 1872 693 1946 X.
749 1901 780 1948 a.
805 1873 1034 1968 Subiungitur
1055 1871 1247 1966 obligatio,
1286 1872 1428 1946 &ratio
1452 1893 1604 1946 movens
1619 1893 1703 1946 coe·
1808 1911 1813 1917 ·

552 1967 739 2044 licolarum
755 1968 800 2041 nd
822 1968 941 2042 Deum
960 1967 1187 2056 laudandum,
1214 1965 1301 2040 vers.
1320 1987 1355 2057 5,
1373 1971 1407 2042 6.
1434 1965 1634 2041 halabant
1649 1991 1707 2042 nt·

549 2089 622 2138 men
648 2063 817 2164 Jebouae,
848 2071 924 2159 qnia
946 2061 1009 2157 ipse
1027 2067 1176 2158 pracepit
1201 2063 1244 2145 ὅ
1267 2078 1375 2136 creata
1383 2063 1484 2156 sunt,
1507 2061 1648 2156 &flare
1665 2088 1703 2138 ea

544 2159 634 2252 fecit
656 2167 693 2231 in
715 2175 903 2247 aeternum5
934 2166 971 2230 in
984 2157 1132 2252 seculum
1157 2157 1435 2250 monasterorum,
1459 2185 1515 2234 nea
1531 2174 1704 2258 transgre-

550 2257 672 2326 rir‘ernr.
697 2255 730 2325 b.
757 2274 788 2327 e.
839 2253 924 2328 Non
951 2253 1023 2328 stne
1047 2255 1183 2328 ratione
1205 2277 1262 2330 me
1285 2255 1471 2332 coelicolas
1487 2259 1639 2331 excitare
1656 2258 1701 2332 ad

552 2349 672 2424 Deum
695 2349 926 2440 laudandum,
952 2351 1034 2424 hinc
1057 2351 1159 2424 facile
1181 2366 1299 2446 patet,
1331 2354 1428 2447 quod
1442 2351 1485 2426 ad
1503 2353 1538 2426 id
1555 2353 1702 2451 obligati

550 2445 641 2535 sint,
666 2447 701 2521 δι
724 2450 829 2522 etiarn
850 2451 910 2520 vel
932 2447 1083 2536 faciant,
1109 2448 1166 2519 vel
1186 2447 1367 2538 facerent,
1398 2449 1423 2522 sr
1446 2448 1603 2543 portent,
1636 2473 1702 2544 per

552 2545 772 2618 creationem
791 2545 826 2616 br
847 2546 1140 2641 gubernationem
1161 2543 1250 2620 Dei:
1276 2545 1463 2620 luntenim
1477 2547 1550 2638 ejus
1565 2564 1703 2623 creatu·

551 2659 619 2727 aa,
633 2641 686 2728 br,
703 2641 739 2715 in
755 2639 891 2716 sublimi
906 2663 946 2714 ac
960 2637 1060 2713 firma
1076 2637 1224 2714 statione
1243 2639 1364 2735 positi,
1380 2644 1424 2714 ab
1438 2641 1512 2735 ipso
1525 2645 1561 2716 in
1577 2665 1701 2738 perpe·

552 2750 654 2814 tuum
675 2737 918 2832 gubernantur
944 2736 1134 2810 secundum
1158 2755 1272 2820 certas⁸
1292 2739 1325 2810 br
1346 2739 1564 2812 inviolabiles
1580 2740 1695 2836 leges·

553 2854 622 2922 qua
643 2848 811 2905 creatura
832 2833 971 2926 itaque,
997 2855 1074 2926 quar
1091 2834 1225 2929 abipso
1240 2833 1338 2922 stant,
1363 2835 1630 2934 adiugentur,
1654 2791 1701 2912 ari

552 2927 593 3008 id
614 2927 757 3021 obligati
780 2927 881 3016 lunt,
918 2931 954 3002 ἃ
974 2928 1133 3017 facient,
1159 2944 1329 3024 quantum
1351 2952 1416 3023 per
1437 2949 1596 3008 naturam
1621 2955 1701 3027 pos·

552 3019 644 3097 sunt
696 3021 946 3097 Adhortationi
973 3023 1192 3122 subjungitur
1236 3047 1267 3101 1.
1293 3025 1330 3100 in
1358 3026 1434 3100 fut·
1447 3030 1622 3102 laudabunt
1644 3053 1701 3102 no·
1737 3051 1739 3056 ·

551 3143 629 3192 men
653 3113 817 3216 erorra,
859 3120 903 3193 ad
929 3119 1153 3196 indicandum
1187 3143 1259 3194 cum
1289 3117 1562 3220 obligationem,
1594 3139 1635 3200 ut
1659 3123 1702 3204 srt

552 3216 648 3291 idem
669 3237 717 3288 ac·
731 3219 909 3306 aeleram,
935 3214 1141 3309 tum'ipsum
1165 3215 1314 3306 fartum,
1340 3218 1398 3292 sed
1423 3236 1557 3295 natura
1576 3243 1701 3300 eorum

553 3313 836 3403 convenientem
862 3341 896 3392 2.
919 3313 1011 3386 ratio
1034 3313 1277 3410 obligationis,
1308 3315 1342 3388 u
1365 3317 1571 3392 laudationis
1588 3317 1700 3392 atina.

550 3408 612 3494 lis,
637 3431 658 3481 a
679 3411 838 3482 creatione
863 3411 897 3484 br
916 3411 1127 3502 prouidentia
1141 3410 1261 3502 petita.
1311 3411 1371 3486 Art
1386 3419 1574 3486 creationem
1594 3415 1699 3508 perti·

545 3519 641 3588 nent
662 3508 787 3591 verba,
826 3505 891 3600 ipse
909 3511 1074 3600 praecepit
1101 3503 1144 3588 &⁹
1167 3522 1275 3580 aream
1288 3506 1383 3603 sunt.
1413 3509 1448 3583 h.
1472 3532 1504 3585 e.
1531 3511 1606 3584 solo
1625 3515 1700 3604 ejus

550 3601 642 3689 jnilu
664 3601 810 3676 existere
832 3604 1065 3696 inceperunt,
1099 3623 1173 3677 non
1195 3625 1281 3700 ergo
1295 3627 1315 3678 a
1331 3603 1389 3695 se,
1412 3605 1502 3678 sed-a
1518 3607 1598 3680 Deo
1618 3607 1699 3682 sunt
1768 3658 1773 3667 ι

552 3715 618 3785 per
639 3703 839 3772 creationem.
889 3697 962 3773 Seri
972 3699 1213 3792 prouidentiam
1236 3704 1542 3794 comprehendunt
1556 3701 1702 3795 sequen·

406 3795 429 3831 ²
550 3789 620 3873 tiu,
647 3787 689 3870 &⁹
698 3791 788 3880 flare
801 3793 934 3885 eafecr't
952 3800 986 3867 r'n
1004 3809 1189 3880 aeternnm,
1216 3795 1403 3890 inseruitum
1416 3801 1501 3872 deaii
1515 3797 1697 3890 statutum,

547 3879 599 3976 (9⁹
621 3907 684 3986 non
704 3884 877 3976 rranfiir't:
904 3912 1056 3983 quorum
1080 3890 1173 3982 prius
1196 3897 1394 3968 membrum
1419 3897 1462 3968 ad
1486 3895 1698 3990 conseruatio-

549 3988 645 4068 nem,
669 3979 836 4070 posterins
857 3985 901 4058 ad
914 3989 1175 4082 gubernationem
1190 3985 1325 4060 referre
1340 3991 1434 4063 licet.
1462 3989 1563 4064 Prius
1580 3994 1628 4066 ita
1644 3993 1696 4066 so-

544 4091 623 4168 nat,
644 4075 688 4160 ἐξ
696 4073 787 4170 stare
803 4102 840 4150 ea
848 4079 958 4170 farier
968 4087 1005 4154 r'n
1019 4095 1204 4174 aeternnm,
1221 4082 1267 4161 sc.
1283 4107 1304 4159 a
1319 4107 1390 4178 quo
1404 4102 1564 4182 tempore
1579 4105 1697 4258 csreata

1604 4201 1695 4276 unt,
