<?xml version="1.0" encoding="UTF-8"?>
<!DOCTYPE html PUBLIC "-//W3C//DTD XHTML 1.0 Transitional//EN"
    "http://www.w3.org/TR/xhtml1/DTD/xhtml1-transitional.dtd">
<html xmlns="http://www.w3.org/1999/xhtml" xml:lang="en" lang="en">
 <head>
  <title>
</title>
<meta http-equiv="Content-Type" content="text/html;charset=utf-8" />
  <meta name='ocr-system' content='tesseract 3.04.00' />
  <meta name='ocr-capabilities' content='ocr_page ocr_carea ocr_par ocr_line ocrx_word'/>
</head>
<body>
  <div class='ocr_page' id='page_1' title='image "./hermannivenemac03venegoog_0257.png"; bbox 0 0 3984 5159; ppageno 0'>
   <div class='ocr_carea' id='block_1_1' title="bbox 571 589 1667 729">
    <p class='ocr_par' dir='ltr' id='par_1_1' title="bbox 571 589 1667 729">
     <span class='ocr_line' id='line_1_1' title="bbox 571 589 1667 729; baseline -0.012 -42"><span class='ocrx_word' id='word_1_1' title='bbox 571 589 1667 729; x_wconf 0' lang='lat' dir='ltr'>m eomunnnnniunae</span> 
     </span>
    </p>
   </div>
   <div class='ocr_carea' id='block_1_2' title="bbox 442 788 1900 4319">
    <p class='ocr_par' dir='ltr' id='par_1_2' title="bbox 572 788 1778 1471">
     <span class='ocr_line' id='line_1_2' title="bbox 573 788 1732 895; baseline -0.009 -21"><span class='ocrx_word' id='word_1_2' title='bbox 573 823 664 895; x_wconf 90' lang='lat' dir='ltr'>que,</span> <span class='ocrx_word' id='word_1_3' title='bbox 695 822 737 875; x_wconf 91' lang='lat' dir='ltr'>ac</span> <span class='ocrx_word' id='word_1_4' title='bbox 754 796 947 888; x_wconf 78' lang='lat' dir='ltr'>&#39;sortiantur</span> <span class='ocrx_word' id='word_1_5' title='bbox 971 790 1139 867; x_wconf 70' lang='lat' dir='ltr'>effaetum</span> <span class='ocrx_word' id='word_1_6' title='bbox 1159 792 1196 870; x_wconf 92' lang='lat' dir='ltr'>in</span> <span class='ocrx_word' id='word_1_7' title='bbox 1217 788 1251 865; x_wconf 89' lang='lat' dir='ltr'>se</span> <span class='ocrx_word' id='word_1_8' title='bbox 1275 790 1477 886; x_wconf 83' lang='lat' dir='ltr'>eripiendo,</span> <span class='ocrx_word' id='word_1_9' title='bbox 1507 789 1732 887; x_wconf 76' lang='lat' dir='ltr'>p&#39;ropofitmn</span> 
     </span>
     <span class='ocr_line' id='line_1_3' title="bbox 572 890 1731 990; baseline -0.009 -17"><span class='ocrx_word' id='word_1_10' title='bbox 572 900 645 973; x_wconf 88' lang='lat' dir='ltr'>Dei</span> <span class='ocrx_word' id='word_1_11' title='bbox 673 914 867 990; x_wconf 85' lang='lat' dir='ltr'>propterea</span> <span class='ocrx_word' id='word_1_12' title='bbox 893 891 1095 968; x_wconf 86' lang='lat' dir='ltr'>celebrandi</span> <span class='ocrx_word' id='word_1_13' title='bbox 1117 891 1268 982; x_wconf 88' lang='lat' dir='ltr'>repetit,</span> <span class='ocrx_word' id='word_1_14' title='bbox 1300 890 1451 982; x_wconf 90' lang='lat' dir='ltr'>denique</span> <span class='ocrx_word' id='word_1_15' title='bbox 1473 910 1596 984; x_wconf 84' lang='lat' dir='ltr'>preces</span> <span class='ocrx_word' id='word_1_16' title='bbox 1616 890 1731 983; x_wconf 78' lang='lat' dir='ltr'>ipsas,</span> 
     </span>
     <span class='ocr_line' id='line_1_4' title="bbox 573 986 1729 1088; baseline -0.004 -21"><span class='ocrx_word' id='word_1_17' title='bbox 573 1018 659 1088; x_wconf 83' lang='lat' dir='ltr'>quas</span> <span class='ocrx_word' id='word_1_18' title='bbox 683 996 898 1088; x_wconf 87' lang='lat' dir='ltr'>protulerat,</span> <span class='ocrx_word' id='word_1_19' title='bbox 926 988 1120 1064; x_wconf 86' lang='lat' dir='ltr'>summatim</span> <span class='ocrx_word' id='word_1_20' title='bbox 1141 986 1297 1081; x_wconf 84' lang='lat' dir='ltr'><strong>profert,</strong></span> <span class='ocrx_word' id='word_1_21' title='bbox 1323 988 1588 1080; x_wconf 79' lang='lat' dir='ltr'>&amp;recapitulat</span> <span class='ocrx_word' id='word_1_22' title='bbox 1639 989 1729 1063; x_wconf 86' lang='lat' dir='ltr'>Sunt·</span> 
     </span>
     <span class='ocr_line' id='line_1_5' title="bbox 575 1082 1730 1184; baseline -0.005 -19"><span class='ocrx_word' id='word_1_23' title='bbox 575 1092 693 1184; x_wconf 84' lang='lat' dir='ltr'>itaque</span> <span class='ocrx_word' id='word_1_24' title='bbox 711 1106 777 1161; x_wconf 80' lang='lat' dir='ltr'>ires</span> <span class='ocrx_word' id='word_1_25' title='bbox 791 1093 967 1183; x_wconf 78' lang='lat' dir='ltr'>pericopa</span> <span class='ocrx_word' id='word_1_26' title='bbox 983 1102 1111 1179; x_wconf 90' lang='lat' dir='ltr'>partes.</span> <span class='ocrx_word' id='word_1_27' title='bbox 1144 1082 1263 1157; x_wconf 86' lang='lat' dir='ltr'>Prima</span> <span class='ocrx_word' id='word_1_28' title='bbox 1280 1084 1541 1161; x_wconf 82' lang='lat' dir='ltr'>exauditionem</span> <span class='ocrx_word' id='word_1_29' title='bbox 1557 1106 1730 1178; x_wconf 86' lang='lat' dir='ltr'>precum,</span> 
     </span>
     <span class='ocr_line' id='line_1_6' title="bbox 577 1180 1778 1281; baseline -0.008 -18"><span class='ocrx_word' id='word_1_30' title='bbox 577 1186 896 1281; x_wconf 61' lang='lat' dir='ltr'>superaturum,</span> <span class='ocrx_word' id='word_1_31' title='bbox 936 1186 1118 1269; x_wconf 90' lang='lat' dir='ltr'>continet,</span> <span class='ocrx_word' id='word_1_32' title='bbox 1144 1180 1233 1255; x_wconf 90' lang='lat' dir='ltr'>vers.</span> <span class='ocrx_word' id='word_1_33' title='bbox 1266 1188 1345 1275; x_wconf 87' lang='lat'>169,</span> <span class='ocrx_word' id='word_1_34' title='bbox 1375 1204 1455 1274; x_wconf 81' lang='lat'>170.</span> <span class='ocrx_word' id='word_1_35' title='bbox 1481 1182 1727 1279; x_wconf 83' lang='lat' dir='ltr'>Adpropinquet</span> <span class='ocrx_word' id='word_1_36' title='bbox 1751 1216 1778 1271; x_wconf 66' lang='lat' dir='ltr'>t,</span> 
     </span>
     <span class='ocr_line' id='line_1_7' title="bbox 575 1278 1729 1381; baseline -0.001 -27"><span class='ocrx_word' id='word_1_37' title='bbox 575 1286 712 1381; x_wconf 72' lang='lat' dir='ltr'>querela</span> <span class='ocrx_word' id='word_1_38' title='bbox 735 1307 804 1358; x_wconf 85' lang='lat' dir='ltr'>mea</span> <span class='ocrx_word' id='word_1_39' title='bbox 835 1278 1029 1372; x_wconf 76' lang='lat' dir='ltr'>vociferatio</span> <span class='ocrx_word' id='word_1_40' title='bbox 1052 1279 1147 1376; x_wconf 83' lang='lat' dir='ltr'>(vox</span> <span class='ocrx_word' id='word_1_41' title='bbox 1168 1280 1262 1353; x_wconf 90' lang='lat' dir='ltr'>enim</span> <span class='ocrx_word' id='word_1_42' title='bbox 1288 1306 1373 1368; x_wconf 82' lang='lat' dir='ltr'>rii-i,</span> <span class='ocrx_word' id='word_1_43' title='bbox 1405 1282 1504 1373; x_wconf 90' lang='lat' dir='ltr'>cujus</span> <span class='ocrx_word' id='word_1_44' title='bbox 1533 1281 1729 1373; x_wconf 77' lang='lat' dir='ltr'>proprietas</span> 
     </span>
     <span class='ocr_line' id='line_1_8' title="bbox 576 1374 1729 1471; baseline -0.002 -18"><span class='ocrx_word' id='word_1_45' title='bbox 576 1379 650 1468; x_wconf 84' lang='lat' dir='ltr'>est,</span> <span class='ocrx_word' id='word_1_46' title='bbox 681 1402 702 1452; x_wconf 86' lang='lat' dir='ltr'>a</span> <span class='ocrx_word' id='word_1_47' title='bbox 723 1378 810 1453; x_wconf 92' lang='lat' dir='ltr'>sono</span> <span class='ocrx_word' id='word_1_48' title='bbox 835 1377 941 1463; x_wconf 71' lang='lat' dir='ltr'>ficti,</span> <span class='ocrx_word' id='word_1_49' title='bbox 972 1379 1009 1451; x_wconf 90' lang='lat' dir='ltr'>in</span> <span class='ocrx_word' id='word_1_50' title='bbox 1033 1381 1167 1449; x_wconf 84' lang='lat' dir='ltr'>tremulo</span> <span class='ocrx_word' id='word_1_51' title='bbox 1187 1376 1222 1451; x_wconf 83' lang='lat' dir='ltr'>dt</span> <span class='ocrx_word' id='word_1_52' title='bbox 1244 1380 1397 1465; x_wconf 78' lang='lat' dir='ltr'>tinnuli,</span> <span class='ocrx_word' id='word_1_53' title='bbox 1424 1398 1522 1471; x_wconf 84' lang='lat' dir='ltr'>aeque</span> <span class='ocrx_word' id='word_1_54' title='bbox 1537 1377 1580 1449; x_wconf 88' lang='lat' dir='ltr'>ad</span> <span class='ocrx_word' id='word_1_55' title='bbox 1594 1374 1729 1451; x_wconf 89' lang='lat' dir='ltr'>tristem</span> 
     </span>
    </p>

    <p class='ocr_par' dir='ltr' id='par_1_3' title="bbox 509 1472 1732 1569">
     <span class='ocr_line' id='line_1_9' title="bbox 509 1472 1732 1569; baseline -0.002 -18"><span class='ocrx_word' id='word_1_56' title='bbox 509 1506 519 1523; x_wconf 71' lang='grc'><em>’</em></span> <span class='ocrx_word' id='word_1_57' title='bbox 577 1476 614 1551; x_wconf 81' lang='lat' dir='ltr'>dt</span> <span class='ocrx_word' id='word_1_58' title='bbox 628 1479 837 1569; x_wconf 88' lang='lat' dir='ltr'>querulum,</span> <span class='ocrx_word' id='word_1_59' title='bbox 862 1500 902 1549; x_wconf 89' lang='lat' dir='ltr'>ac</span> <span class='ocrx_word' id='word_1_60' title='bbox 916 1475 1037 1551; x_wconf 86' lang='lat' dir='ltr'>laetum</span> <span class='ocrx_word' id='word_1_61' title='bbox 1052 1475 1175 1549; x_wconf 92' lang='lat' dir='ltr'>sonum</span> <span class='ocrx_word' id='word_1_62' title='bbox 1189 1474 1419 1561; x_wconf 84' lang='lat' dir='ltr'>transfertur,</span> <span class='ocrx_word' id='word_1_63' title='bbox 1444 1478 1495 1547; x_wconf 88' lang='lat' dir='ltr'>uti</span> <span class='ocrx_word' id='word_1_64' title='bbox 1512 1472 1560 1547; x_wconf 92' lang='lat' dir='ltr'>Ps.</span> <span class='ocrx_word' id='word_1_65' title='bbox 1577 1495 1669 1549; x_wconf 86' lang='lat' dir='ltr'>xvii:</span> <span class='ocrx_word' id='word_1_66' title='bbox 1693 1494 1732 1549; x_wconf 51' lang='lat'>21.-</span> 
     </span>
    </p>

    <p class='ocr_par' dir='ltr' id='par_1_4' title="bbox 548 1569 1732 2345">
     <span class='ocr_line' id='line_1_10' title="bbox 548 1569 1729 1676; baseline -0.003 -25"><span class='ocrx_word' id='word_1_67' title='bbox 548 1581 687 1656; x_wconf 64' lang='lat' dir='ltr'>&#39;zcitiii</span> <span class='ocrx_word' id='word_1_68' title='bbox 706 1573 763 1676; x_wconf 80' lang='lat'>7.)</span> <span class='ocrx_word' id='word_1_69' title='bbox 784 1599 889 1649; x_wconf 86' lang='lat' dir='ltr'>coram</span> <span class='ocrx_word' id='word_1_70' title='bbox 910 1590 941 1647; x_wconf 86' lang='lat' dir='ltr'>te</span> <span class='ocrx_word' id='word_1_71' title='bbox 963 1572 1027 1669; x_wconf 90' lang='lat' dir='ltr'>(sit</span> <span class='ocrx_word' id='word_1_72' title='bbox 1048 1569 1208 1657; x_wconf 84' lang='lat' dir='ltr'>admissa,</span> <span class='ocrx_word' id='word_1_73' title='bbox 1234 1570 1349 1657; x_wconf 84' lang='lat' dir='ltr'>&amp;tibi</span> <span class='ocrx_word' id='word_1_74' title='bbox 1362 1587 1480 1668; x_wconf 86' lang='lat' dir='ltr'>grata,</span> <span class='ocrx_word' id='word_1_75' title='bbox 1506 1587 1544 1643; x_wconf 92' lang='lat' dir='ltr'>ut</span> <span class='ocrx_word' id='word_1_76' title='bbox 1558 1569 1729 1647; x_wconf 71' lang='lat' dir='ltr'>effedium</span> 
     </span>
     <span class='ocr_line' id='line_1_11' title="bbox 562 1666 1732 1771; baseline -0.007 -22"><span class='ocrx_word' id='word_1_77' title='bbox 562 1674 819 1771; x_wconf 71' lang='lat' dir='ltr'>nanciscatur)</span> <span class='ocrx_word' id='word_1_78' title='bbox 846 1670 998 1770; x_wconf 79' lang='lat' dir='ltr'>Jebooa!</span> <span class='ocrx_word' id='word_1_79' title='bbox 1014 1666 1193 1764; x_wconf 83' lang='lat' dir='ltr'>secundnm</span> <span class='ocrx_word' id='word_1_80' title='bbox 1216 1672 1349 1739; x_wconf 84' lang='lat' dir='ltr'>uerbum</span> <span class='ocrx_word' id='word_1_81' title='bbox 1373 1684 1463 1743; x_wconf 85' lang='lat' dir='ltr'>tuuni</span> <span class='ocrx_word' id='word_1_82' title='bbox 1482 1673 1667 1764; x_wconf 78' lang='lat' dir='ltr'>inlelligere</span> <span class='ocrx_word' id='word_1_83' title='bbox 1680 1690 1732 1741; x_wconf 82' lang='lat' dir='ltr'>irie·</span> 
     </span>
     <span class='ocr_line' id='line_1_12' title="bbox 570 1762 1727 1867; baseline -0.004 -25"><span class='ocrx_word' id='word_1_84' title='bbox 570 1768 636 1863; x_wconf 77' lang='lat' dir='ltr'>fac</span> <span class='ocrx_word' id='word_1_85' title='bbox 656 1766 935 1867; x_wconf 88' lang='lat' dir='ltr'>(convenienter</span> <span class='ocrx_word' id='word_1_86' title='bbox 949 1764 1118 1859; x_wconf 83' lang='lat' dir='ltr'>promisso</span> <span class='ocrx_word' id='word_1_87' title='bbox 1137 1782 1220 1851; x_wconf 91' lang='lat' dir='ltr'>tuo,</span> <span class='ocrx_word' id='word_1_88' title='bbox 1246 1763 1336 1837; x_wconf 87' lang='lat' dir='ltr'>aTe</span> <span class='ocrx_word' id='word_1_89' title='bbox 1351 1768 1480 1861; x_wconf 86' lang='lat' dir='ltr'>quippe</span> <span class='ocrx_word' id='word_1_90' title='bbox 1495 1762 1650 1864; x_wconf 76' lang='lat' dir='ltr'>Jeliooa,</span> <span class='ocrx_word' id='word_1_91' title='bbox 1669 1781 1727 1837; x_wconf 88' lang='lat' dir='ltr'>ve-</span> 
     </span>
     <span class='ocr_line' id='line_1_13' title="bbox 574 1860 1728 1961; baseline -0.003 -20"><span class='ocrx_word' id='word_1_92' title='bbox 574 1888 660 1949; x_wconf 78' lang='lat' dir='ltr'>race</span> <span class='ocrx_word' id='word_1_93' title='bbox 675 1864 772 1961; x_wconf 86' lang='lat' dir='ltr'>justo</span> <span class='ocrx_word' id='word_1_94' title='bbox 786 1866 820 1939; x_wconf 90' lang='lat'>&amp;</span> <span class='ocrx_word' id='word_1_95' title='bbox 836 1867 958 1951; x_wconf 91' lang='lat' dir='ltr'>bono,</span> <span class='ocrx_word' id='word_1_96' title='bbox 982 1880 1085 1937; x_wconf 90' lang='lat' dir='ltr'>certo</span> <span class='ocrx_word' id='word_1_97' title='bbox 1099 1863 1228 1939; x_wconf 88' lang='lat' dir='ltr'>certius</span> <span class='ocrx_word' id='word_1_98' title='bbox 1244 1860 1437 1955; x_wconf 89' lang='lat' dir='ltr'>inplendo,</span> <span class='ocrx_word' id='word_1_99' title='bbox 1462 1886 1541 1951; x_wconf 87' lang='lat' dir='ltr'>nie,</span> <span class='ocrx_word' id='word_1_100' title='bbox 1554 1864 1615 1937; x_wconf 93' lang='lat' dir='ltr'>vel</span> <span class='ocrx_word' id='word_1_101' title='bbox 1632 1864 1728 1937; x_wconf 81' lang='lat' dir='ltr'>intel-</span> 
     </span>
     <span class='ocr_line' id='line_1_14' title="bbox 575 1958 1732 2060; baseline -0.008 -20"><span class='ocrx_word' id='word_1_102' title='bbox 575 1968 677 2060; x_wconf 81' lang='lat' dir='ltr'>ligere</span> <span class='ocrx_word' id='word_1_103' title='bbox 701 1964 759 2037; x_wconf 86' lang='lat' dir='ltr'>fac</span> <span class='ocrx_word' id='word_1_104' title='bbox 780 1982 903 2036; x_wconf 88' lang='lat' dir='ltr'>coram</span> <span class='ocrx_word' id='word_1_105' title='bbox 917 1960 975 2031; x_wconf 87' lang='lat' dir='ltr'>Te</span> <span class='ocrx_word' id='word_1_106' title='bbox 993 1958 1160 2032; x_wconf 83' lang='lat' dir='ltr'>acceffiise</span> <span class='ocrx_word' id='word_1_107' title='bbox 1176 1960 1333 2053; x_wconf 86' lang='lat' dir='ltr'>querelas</span> <span class='ocrx_word' id='word_1_108' title='bbox 1348 1982 1464 2046; x_wconf 89' lang='lat' dir='ltr'>meas,</span> <span class='ocrx_word' id='word_1_109' title='bbox 1481 1978 1522 2033; x_wconf 90' lang='lat' dir='ltr'>ut</span> <span class='ocrx_word' id='word_1_110' title='bbox 1535 1960 1579 2032; x_wconf 89' lang='lat' dir='ltr'>de</span> <span class='ocrx_word' id='word_1_111' title='bbox 1593 1980 1640 2033; x_wconf 92' lang='lat' dir='ltr'>eo</span> <span class='ocrx_word' id='word_1_112' title='bbox 1655 1980 1732 2033; x_wconf 69' lang='lat' dir='ltr'>cer«</span> 
     </span>
     <span class='ocr_line' id='line_1_15' title="bbox 575 2054 1729 2151; baseline -0.002 -18"><span class='ocrx_word' id='word_1_113' title='bbox 575 2078 636 2151; x_wconf 84' lang='lat' dir='ltr'>tiis</span> <span class='ocrx_word' id='word_1_114' title='bbox 649 2058 929 2134; x_wconf 88' lang='lat' dir='ltr'>consolationem</span> <span class='ocrx_word' id='word_1_115' title='bbox 945 2057 1155 2149; x_wconf 87' lang='lat' dir='ltr'>percipiam,</span> <span class='ocrx_word' id='word_1_116' title='bbox 1179 2056 1237 2127; x_wconf 88' lang='lat' dir='ltr'>vel</span> <span class='ocrx_word' id='word_1_117' title='bbox 1251 2055 1440 2149; x_wconf 80' lang='lat' dir='ltr'>sapientem</span> <span class='ocrx_word' id='word_1_118' title='bbox 1456 2078 1514 2131; x_wconf 88' lang='lat' dir='ltr'>me</span> <span class='ocrx_word' id='word_1_119' title='bbox 1528 2054 1584 2131; x_wconf 89' lang='lat' dir='ltr'>sac</span> <span class='ocrx_word' id='word_1_120' title='bbox 1598 2056 1633 2131; x_wconf 76' lang='lat' dir='ltr'>o</span> <span class='ocrx_word' id='word_1_121' title='bbox 1646 2080 1729 2151; x_wconf 89' lang='lat' dir='ltr'>pru-</span> 
     </span>
     <span class='ocr_line' id='line_1_16' title="bbox 577 2149 1729 2249; baseline 0.003 -22"><span class='ocrx_word' id='word_1_122' title='bbox 577 2156 744 2241; x_wconf 89' lang='lat' dir='ltr'>dentem,</span> <span class='ocrx_word' id='word_1_123' title='bbox 775 2170 893 2227; x_wconf 89' lang='lat' dir='ltr'>utres</span> <span class='ocrx_word' id='word_1_124' title='bbox 917 2172 1012 2228; x_wconf 85' lang='lat' dir='ltr'>meas</span> <span class='ocrx_word' id='word_1_125' title='bbox 1036 2152 1084 2223; x_wconf 88' lang='lat' dir='ltr'>ita</span> <span class='ocrx_word' id='word_1_126' title='bbox 1106 2149 1304 2241; x_wconf 86' lang='lat' dir='ltr'>instituam,</span> <span class='ocrx_word' id='word_1_127' title='bbox 1340 2172 1379 2227; x_wconf 90' lang='lat' dir='ltr'>ut</span> <span class='ocrx_word' id='word_1_128' title='bbox 1394 2168 1566 2229; x_wconf 92' lang='lat' dir='ltr'>votorum</span> <span class='ocrx_word' id='word_1_129' title='bbox 1579 2178 1729 2249; x_wconf 77' lang='lat' dir='ltr'>compos</span> 
     </span>
     <span class='ocr_line' id='line_1_17' title="bbox 576 2246 1727 2345; baseline 0.001 -20"><span class='ocrx_word' id='word_1_130' title='bbox 576 2246 671 2339; x_wconf 83' lang='lat' dir='ltr'>fiam</span> <span class='ocrx_word' id='word_1_131' title='bbox 722 2250 860 2344; x_wconf 90' lang='lat' dir='ltr'>inquo</span> <span class='ocrx_word' id='word_1_132' title='bbox 887 2248 911 2323; x_wconf 89' lang='lat' dir='ltr'>si</span> <span class='ocrx_word' id='word_1_133' title='bbox 941 2246 1161 2345; x_wconf 88' lang='lat' dir='ltr'>acquiescere</span> <span class='ocrx_word' id='word_1_134' title='bbox 1186 2250 1261 2345; x_wconf 91' lang='lat' dir='ltr'>quis</span> <span class='ocrx_word' id='word_1_135' title='bbox 1284 2269 1458 2344; x_wconf 84' lang='lat' dir='ltr'>nequeat,</span> <span class='ocrx_word' id='word_1_136' title='bbox 1492 2254 1579 2327; x_wconf 88' lang='lat' dir='ltr'>nibil</span> <span class='ocrx_word' id='word_1_137' title='bbox 1600 2250 1727 2327; x_wconf 74' lang='lat' dir='ltr'>retitui</span> 
     </span>
    </p>

    <p class='ocr_par' dir='ltr' id='par_1_5' title="bbox 496 2345 1730 2542">
     <span class='ocr_line' id='line_1_18' title="bbox 496 2345 1730 2444; baseline -0.002 -16"><span class='ocrx_word' id='word_1_138' title='bbox 496 2431 500 2438; x_wconf 53' lang='lat'><em>„</em></span> <span class='ocrx_word' id='word_1_139' title='bbox 575 2345 751 2442; x_wconf 79' lang='lat' dir='ltr'>suppetit,</span> <span class='ocrx_word' id='word_1_140' title='bbox 775 2366 878 2441; x_wconf 87' lang='lat' dir='ltr'>quain</span> <span class='ocrx_word' id='word_1_141' title='bbox 902 2365 942 2425; x_wconf 89' lang='lat' dir='ltr'>ut</span> <span class='ocrx_word' id='word_1_142' title='bbox 967 2370 1035 2444; x_wconf 92' lang='lat' dir='ltr'>pro</span> <span class='ocrx_word' id='word_1_143' title='bbox 1059 2372 1148 2423; x_wconf 75' lang='lat' dir='ltr'>uiuri</span> <span class='ocrx_word' id='word_1_144' title='bbox 1170 2347 1263 2444; x_wconf 86' lang='lat' dir='ltr'>legat</span> <span class='ocrx_word' id='word_1_145' title='bbox 1283 2345 1515 2442; x_wconf 78' lang='lat' dir='ltr'>uiunfirmiim</span> <span class='ocrx_word' id='word_1_146' title='bbox 1530 2374 1579 2423; x_wconf 87' lang='lat' dir='ltr'>me</span> <span class='ocrx_word' id='word_1_147' title='bbox 1589 2346 1676 2441; x_wconf 86' lang='lat' dir='ltr'>far,</span> <span class='ocrx_word' id='word_1_148' title='bbox 1690 2350 1730 2427; x_wconf 88' lang='lat' dir='ltr'>in</span> 
     </span>
     <span class='ocr_line' id='line_1_19' title="bbox 574 2442 1728 2542; baseline -0.003 -16"><span class='ocrx_word' id='word_1_149' title='bbox 574 2463 657 2526; x_wconf 87' lang='lat' dir='ltr'>tuto</span> <span class='ocrx_word' id='word_1_150' title='bbox 679 2444 843 2523; x_wconf 86' lang='lat' dir='ltr'>&amp;stabili</span> <span class='ocrx_word' id='word_1_151' title='bbox 864 2444 954 2521; x_wconf 85' lang='lat' dir='ltr'>statii</span> <span class='ocrx_word' id='word_1_152' title='bbox 977 2467 1035 2523; x_wconf 89' lang='lat' dir='ltr'>me</span> <span class='ocrx_word' id='word_1_153' title='bbox 1051 2466 1166 2542; x_wconf 86' lang='lat' dir='ltr'>pone:</span> <span class='ocrx_word' id='word_1_154' title='bbox 1193 2446 1287 2537; x_wconf 91' lang='lat' dir='ltr'>quod</span> <span class='ocrx_word' id='word_1_155' title='bbox 1309 2442 1405 2521; x_wconf 87' lang='lat' dir='ltr'>forte</span> <span class='ocrx_word' id='word_1_156' title='bbox 1420 2468 1501 2521; x_wconf 91' lang='lat' dir='ltr'>cum</span> <span class='ocrx_word' id='word_1_157' title='bbox 1519 2444 1587 2541; x_wconf 88' lang='lat' dir='ltr'>seq.</span> <span class='ocrx_word' id='word_1_158' title='bbox 1604 2445 1728 2533; x_wconf 84' lang='lat' dir='ltr'>versu,</span> 
     </span>
    </p>

    <p class='ocr_par' dir='ltr' id='par_1_6' title="bbox 546 2540 1730 2835">
     <span class='ocr_line' id='line_1_20' title="bbox 546 2540 1725 2638; baseline -0.002 -17"><span class='ocrx_word' id='word_1_159' title='bbox 546 2604 550 2607; x_wconf 76' lang='lat'><em>-</em></span> <span class='ocrx_word' id='word_1_160' title='bbox 571 2543 701 2621; x_wconf 83' lang='lat' dir='ltr'>eodem</span> <span class='ocrx_word' id='word_1_161' title='bbox 716 2544 824 2619; x_wconf 89' lang='lat' dir='ltr'>modo</span> <span class='ocrx_word' id='word_1_162' title='bbox 838 2543 1039 2635; x_wconf 87' lang='lat' dir='ltr'>desinente,</span> <span class='ocrx_word' id='word_1_163' title='bbox 1065 2543 1176 2638; x_wconf 88' lang='lat' dir='ltr'>aptius</span> <span class='ocrx_word' id='word_1_164' title='bbox 1191 2541 1381 2633; x_wconf 86' lang='lat' dir='ltr'>convenit,</span> <span class='ocrx_word' id='word_1_165' title='bbox 1398 2546 1504 2618; x_wconf 91' lang='lat' dir='ltr'>etiam</span> <span class='ocrx_word' id='word_1_166' title='bbox 1520 2540 1621 2637; x_wconf 89' lang='lat' dir='ltr'>supra</span> <span class='ocrx_word' id='word_1_167' title='bbox 1635 2542 1725 2619; x_wconf 85' lang='lat' dir='ltr'>ver-s.</span> 
     </span>
     <span class='ocr_line' id='line_1_21' title="bbox 574 2638 1730 2739; baseline -0.001 -26"><span class='ocrx_word' id='word_1_168' title='bbox 574 2662 610 2733; x_wconf 77' lang='grc' dir='ltr'>ς.</span> <span class='ocrx_word' id='word_1_169' title='bbox 633 2640 851 2738; x_wconf 83' lang='lat' dir='ltr'>habuimus.)</span> <span class='ocrx_word' id='word_1_170' title='bbox 900 2640 1010 2717; x_wconf 78' lang='lat' dir='ltr'>Intret</span> <span class='ocrx_word' id='word_1_171' title='bbox 1018 2639 1217 2739; x_wconf 82' lang='lat' dir='ltr'>supplicatio</span> <span class='ocrx_word' id='word_1_172' title='bbox 1238 2662 1307 2713; x_wconf 82' lang='lat' dir='ltr'>men</span> <span class='ocrx_word' id='word_1_173' title='bbox 1321 2662 1426 2715; x_wconf 84' lang='lat' dir='ltr'>corani</span> <span class='ocrx_word' id='word_1_174' title='bbox 1441 2655 1471 2713; x_wconf 85' lang='lat' dir='ltr'>re</span> <span class='ocrx_word' id='word_1_175' title='bbox 1488 2638 1670 2736; x_wconf 80' lang='lat' dir='ltr'>(penetret</span> <span class='ocrx_word' id='word_1_176' title='bbox 1683 2642 1730 2722; x_wconf 53' lang='lat' dir='ltr'>iii»</span> 
     </span>
     <span class='ocr_line' id='line_1_22' title="bbox 574 2735 1728 2835; baseline 0.006 -28"><span class='ocrx_word' id='word_1_177' title='bbox 574 2736 760 2820; x_wconf 78' lang='lat' dir='ltr'>sacrarium</span> <span class='ocrx_word' id='word_1_178' title='bbox 773 2754 896 2825; x_wconf 91' lang='lat' dir='ltr'>tuum,</span> <span class='ocrx_word' id='word_1_179' title='bbox 920 2741 981 2811; x_wconf 92' lang='lat' dir='ltr'>ubi</span> <span class='ocrx_word' id='word_1_180' title='bbox 996 2736 1142 2825; x_wconf 75' lang='lat' dir='ltr'>resides,</span> <span class='ocrx_word' id='word_1_181' title='bbox 1156 2738 1190 2809; x_wconf 84' lang='lat' dir='ltr'>di</span> <span class='ocrx_word' id='word_1_182' title='bbox 1203 2735 1322 2811; x_wconf 87' lang='lat' dir='ltr'>audire</span> <span class='ocrx_word' id='word_1_183' title='bbox 1337 2759 1377 2813; x_wconf 89' lang='lat' dir='ltr'>ac</span> <span class='ocrx_word' id='word_1_184' title='bbox 1395 2738 1545 2835; x_wconf 85' lang='lat' dir='ltr'>benigne</span> <span class='ocrx_word' id='word_1_185' title='bbox 1562 2737 1728 2831; x_wconf 87' lang='lat' dir='ltr'>recipere.</span> 
     </span>
    </p>

    <p class='ocr_par' dir='ltr' id='par_1_7' title="bbox 499 2829 1752 3129">
     <span class='ocr_line' id='line_1_23' title="bbox 499 2829 1752 2933; baseline 0.003 -24"><span class='ocrx_word' id='word_1_186' title='bbox 499 2903 503 2909; x_wconf 88' lang='grc'><em>,</em></span> <span class='ocrx_word' id='word_1_187' title='bbox 575 2829 665 2922; x_wconf 77' lang='lat' dir='ltr'>soles</span> <span class='ocrx_word' id='word_1_188' title='bbox 688 2854 809 2925; x_wconf 88' lang='lat' dir='ltr'>preces</span> <span class='ocrx_word' id='word_1_189' title='bbox 832 2850 992 2909; x_wconf 89' lang='lat' dir='ltr'>tuorum:</span> <span class='ocrx_word' id='word_1_190' title='bbox 1017 2856 1089 2925; x_wconf 93' lang='lat' dir='ltr'>quo</span> <span class='ocrx_word' id='word_1_191' title='bbox 1103 2836 1251 2909; x_wconf 90' lang='lat' dir='ltr'>verbum</span> <span class='ocrx_word' id='word_1_192' title='bbox 1267 2861 1316 2909; x_wconf 81' lang='lat' dir='ltr'>im</span> <span class='ocrx_word' id='word_1_193' title='bbox 1330 2840 1486 2924; x_wconf 82' lang='lat' dir='ltr'>introire,</span> <span class='ocrx_word' id='word_1_194' title='bbox 1502 2832 1665 2933; x_wconf 84' lang='lat' dir='ltr'>opposite</span> <span class='ocrx_word' id='word_1_195' title='bbox 1680 2832 1727 2915; x_wconf 84' lang='lat' dir='ltr'>ad</span> <span class='ocrx_word' id='word_1_196' title='bbox 1745 2896 1752 2913; x_wconf 85' lang='grc'><strong><em>,</em></strong></span> 
     </span>
     <span class='ocr_line' id='line_1_24' title="bbox 567 2924 1727 3029; baseline 0.007 -28"><span class='ocrx_word' id='word_1_197' title='bbox 567 2924 687 3022; x_wconf 79' lang='lat' dir='ltr'>soriis,</span> <span class='ocrx_word' id='word_1_198' title='bbox 697 2926 861 3018; x_wconf 85' lang='lat' dir='ltr'>ducit3ut</span> <span class='ocrx_word' id='word_1_199' title='bbox 877 2930 964 3023; x_wconf 84' lang='lat' dir='ltr'>saepe</span> <span class='ocrx_word' id='word_1_200' title='bbox 979 2930 1124 3028; x_wconf 89' lang='lat' dir='ltr'>notavi)</span> <span class='ocrx_word' id='word_1_201' title='bbox 1130 2928 1306 3022; x_wconf 84' lang='lat' dir='ltr'>secundum</span> <span class='ocrx_word' id='word_1_202' title='bbox 1319 2932 1436 3005; x_wconf 75' lang='lat' dir='ltr'>ditium</span> <span class='ocrx_word' id='word_1_203' title='bbox 1446 2946 1538 3007; x_wconf 82' lang='lat' dir='ltr'>tuum</span> <span class='ocrx_word' id='word_1_204' title='bbox 1553 2932 1727 3029; x_wconf 68' lang='lat' dir='ltr'>(seupro</span> 
     </span>
     <span class='ocr_line' id='line_1_25' title="bbox 571 3024 1724 3129; baseline -0.002 -24"><span class='ocrx_word' id='word_1_205' title='bbox 571 3024 731 3115; x_wconf 89' lang='lat' dir='ltr'>millum,</span> <span class='ocrx_word' id='word_1_206' title='bbox 755 3043 795 3101; x_wconf 91' lang='lat' dir='ltr'>ut</span> <span class='ocrx_word' id='word_1_207' title='bbox 815 3025 919 3119; x_wconf 79' lang='lat' dir='ltr'>saepe</span> <span class='ocrx_word' id='word_1_208' title='bbox 929 3027 1135 3123; x_wconf 77' lang='lat' dir='ltr'>habuimus)</span> <span class='ocrx_word' id='word_1_209' title='bbox 1149 3032 1278 3101; x_wconf 79' lang='lat' dir='ltr'>extrahe</span> <span class='ocrx_word' id='word_1_210' title='bbox 1293 3053 1341 3101; x_wconf 87' lang='lat' dir='ltr'>me</span> <span class='ocrx_word' id='word_1_211' title='bbox 1356 3026 1422 3123; x_wconf 88' lang='lat' dir='ltr'>(ab</span> <span class='ocrx_word' id='word_1_212' title='bbox 1436 3031 1533 3105; x_wconf 89' lang='lat' dir='ltr'>omni</span> <span class='ocrx_word' id='word_1_213' title='bbox 1548 3028 1724 3129; x_wconf 76' lang='lat' dir='ltr'>angustia,</span> 
     </span>
    </p>

    <p class='ocr_par' dir='ltr' id='par_1_8' title="bbox 442 3120 1900 4319">
     <span class='ocr_line' id='line_1_26' title="bbox 454 3120 1723 3221; baseline 0.005 -24"><span class='ocrx_word' id='word_1_214' title='bbox 454 3173 458 3181; x_wconf 85' lang='lat'><em>-</em></span> <span class='ocrx_word' id='word_1_215' title='bbox 572 3122 766 3213; x_wconf 77' lang='lat' dir='ltr'>violentia,</span> <span class='ocrx_word' id='word_1_216' title='bbox 789 3120 822 3194; x_wconf 82' lang='lat' dir='ltr'>di</span> <span class='ocrx_word' id='word_1_217' title='bbox 847 3121 983 3195; x_wconf 84' lang='lat' dir='ltr'>miseria</span> <span class='ocrx_word' id='word_1_218' title='bbox 1004 3143 1062 3196; x_wconf 91' lang='lat' dir='ltr'>me</span> <span class='ocrx_word' id='word_1_219' title='bbox 1085 3122 1213 3215; x_wconf 88' lang='lat' dir='ltr'>libera,</span> <span class='ocrx_word' id='word_1_220' title='bbox 1238 3141 1386 3221; x_wconf 88' lang='lat' dir='ltr'>potente</span> <span class='ocrx_word' id='word_1_221' title='bbox 1410 3148 1516 3202; x_wconf 91' lang='lat' dir='ltr'>manu</span> <span class='ocrx_word' id='word_1_222' title='bbox 1534 3129 1723 3204; x_wconf 64' lang='lat' dir='ltr'>tuaexser«</span> 
     </span>
     <span class='ocr_line' id='line_1_27' title="bbox 573 3216 1900 3317; baseline -0.001 -21"><span class='ocrx_word' id='word_1_223' title='bbox 573 3236 628 3296; x_wconf 85' lang='lat' dir='ltr'>ta:</span> <span class='ocrx_word' id='word_1_224' title='bbox 654 3219 739 3295; x_wconf 92' lang='lat' dir='ltr'>sicut</span> <span class='ocrx_word' id='word_1_225' title='bbox 754 3217 841 3312; x_wconf 85' lang='lat' dir='ltr'>saepe</span> <span class='ocrx_word' id='word_1_226' title='bbox 856 3216 957 3312; x_wconf 89' lang='lat' dir='ltr'>supra</span> <span class='ocrx_word' id='word_1_227' title='bbox 969 3220 1168 3317; x_wconf 88' lang='lat' dir='ltr'>oraverat.)</span> <span class='ocrx_word' id='word_1_228' title='bbox 1683 3268 1692 3295; x_wconf 71' lang='lat'>.-‚</span> <span class='ocrx_word' id='word_1_229' title='bbox 1727 3242 1731 3249; x_wconf 90' lang='lat'>·</span> <span class='ocrx_word' id='word_1_230' title='bbox 1899 3250 1900 3275; x_wconf 66' lang='lat' dir='ltr'>i</span> 
     </span>
     <span class='ocr_line' id='line_1_28' title="bbox 576 3314 1723 3419; baseline 0.005 -26"><span class='ocrx_word' id='word_1_231' title='bbox 576 3398 583 3409; x_wconf 74' lang='grc'><em>,</em></span> <span class='ocrx_word' id='word_1_232' title='bbox 621 3321 653 3409; x_wconf 85' lang='lat'>§.</span> <span class='ocrx_word' id='word_1_233' title='bbox 669 3314 866 3393; x_wconf 80' lang='lat' dir='ltr'><strong>LXXXIV.</strong></span> <span class='ocrx_word' id='word_1_234' title='bbox 901 3315 1048 3391; x_wconf 82' lang='lat' dir='ltr'>Secunda</span> <span class='ocrx_word' id='word_1_235' title='bbox 1073 3332 1170 3411; x_wconf 89' lang='lat' dir='ltr'>parte</span> <span class='ocrx_word' id='word_1_236' title='bbox 1191 3320 1408 3415; x_wconf 87' lang='lat' dir='ltr'>propositum</span> <span class='ocrx_word' id='word_1_237' title='bbox 1430 3321 1576 3411; x_wconf 86' lang='lat' dir='ltr'>Deum,</span> <span class='ocrx_word' id='word_1_238' title='bbox 1610 3325 1723 3419; x_wconf 87' lang='lat' dir='ltr'>preci·</span> 
     </span>
     <span class='ocr_line' id='line_1_29' title="bbox 571 3414 1900 3514; baseline 0.005 -24"><span class='ocrx_word' id='word_1_239' title='bbox 571 3416 636 3490; x_wconf 88' lang='lat' dir='ltr'>bus</span> <span class='ocrx_word' id='word_1_240' title='bbox 656 3416 803 3505; x_wconf 89' lang='lat' dir='ltr'>auditis,</span> <span class='ocrx_word' id='word_1_241' title='bbox 834 3414 1097 3491; x_wconf 80' lang='lat' dir='ltr'>&amp;liberatione</span> <span class='ocrx_word' id='word_1_242' title='bbox 1117 3414 1285 3513; x_wconf 87' lang='lat' dir='ltr'>praestita,</span> <span class='ocrx_word' id='word_1_243' title='bbox 1325 3436 1513 3514; x_wconf 90' lang='lat' dir='ltr'>propterea</span> <span class='ocrx_word' id='word_1_244' title='bbox 1535 3418 1721 3513; x_wconf 88' lang='lat' dir='ltr'>laudandi,</span> <span class='ocrx_word' id='word_1_245' title='bbox 1839 3422 1860 3445; x_wconf 74' lang='lat'><strong>²</strong></span> <span class='ocrx_word' id='word_1_246' title='bbox 1899 3466 1900 3473; x_wconf 23' lang='grc' dir='ltr'><strong>κ</strong></span> 
     </span>
     <span class='ocr_line' id='line_1_30' title="bbox 442 3509 1721 3610; baseline 0.004 -21"><span class='ocrx_word' id='word_1_247' title='bbox 442 3581 446 3589; x_wconf 93' lang='grc'>.</span> <span class='ocrx_word' id='word_1_248' title='bbox 572 3514 668 3603; x_wconf 90' lang='lat' dir='ltr'>quod</span> <span class='ocrx_word' id='word_1_249' title='bbox 683 3513 770 3610; x_wconf 83' lang='lat' dir='ltr'>saepe</span> <span class='ocrx_word' id='word_1_250' title='bbox 785 3509 988 3590; x_wconf 89' lang='lat' dir='ltr'>testificatus</span> <span class='ocrx_word' id='word_1_251' title='bbox 1007 3530 1081 3589; x_wconf 88' lang='lat' dir='ltr'>erat</span> <span class='ocrx_word' id='word_1_252' title='bbox 1099 3514 1133 3587; x_wconf 92' lang='lat' dir='ltr'>in</span> <span class='ocrx_word' id='word_1_253' title='bbox 1151 3512 1406 3607; x_wconf 85' lang='lat' dir='ltr'>superioribus,</span> <span class='ocrx_word' id='word_1_254' title='bbox 1432 3532 1584 3591; x_wconf 87' lang='lat' dir='ltr'>renovat</span> <span class='ocrx_word' id='word_1_255' title='bbox 1602 3518 1721 3595; x_wconf 67' lang='lat' dir='ltr'>&amp;am-</span> 
     </span>
     <span class='ocr_line' id='line_1_31' title="bbox 570 3604 1720 3707; baseline 0.01 -30"><span class='ocrx_word' id='word_1_256' title='bbox 570 3604 722 3698; x_wconf 86' lang='lat' dir='ltr'>plificat,</span> <span class='ocrx_word' id='word_1_257' title='bbox 748 3608 839 3687; x_wconf 89' lang='lat' dir='ltr'>vers.</span> <span class='ocrx_word' id='word_1_258' title='bbox 859 3633 941 3703; x_wconf 83' lang='lat'>171,</span> <span class='ocrx_word' id='word_1_259' title='bbox 962 3633 1041 3704; x_wconf 84' lang='lat'>172.</span> <span class='ocrx_word' id='word_1_260' title='bbox 1069 3608 1241 3685; x_wconf 85' lang='lat' dir='ltr'>Eliullieni</span> <span class='ocrx_word' id='word_1_261' title='bbox 1257 3614 1343 3683; x_wconf 82' lang='lat' dir='ltr'>labia</span> <span class='ocrx_word' id='word_1_262' title='bbox 1356 3637 1444 3697; x_wconf 85' lang='lat' dir='ltr'>mea,</span> <span class='ocrx_word' id='word_1_263' title='bbox 1471 3610 1720 3707; x_wconf 80' lang='lat' dir='ltr'>velscaturi&#39;iri-</span> 
     </span>
     <span class='ocr_line' id='line_1_32' title="bbox 570 3703 1719 3807; baseline 0.012 -33"><span class='ocrx_word' id='word_1_264' title='bbox 570 3703 610 3774; x_wconf 90' lang='lat' dir='ltr'>do</span> <span class='ocrx_word' id='word_1_265' title='bbox 633 3704 801 3797; x_wconf 83' lang='lat' dir='ltr'>proferent</span> <span class='ocrx_word' id='word_1_266' title='bbox 824 3708 961 3803; x_wconf 65' lang='lat' dir='ltr'>copiari,</span> <span class='ocrx_word' id='word_1_267' title='bbox 985 3708 1153 3799; x_wconf 66' lang='lat' dir='ltr'>⁴coruscam</span> <span class='ocrx_word' id='word_1_268' title='bbox 1175 3722 1264 3781; x_wconf 83' lang='lat' dir='ltr'>triarii</span> <span class='ocrx_word' id='word_1_269' title='bbox 1288 3711 1411 3783; x_wconf 83' lang='lat' dir='ltr'>laudem</span> <span class='ocrx_word' id='word_1_270' title='bbox 1430 3710 1719 3807; x_wconf 74' lang='lat' dir='ltr'>(gloriosisime</span> 
     </span>
     <span class='ocr_line' id='line_1_33' title="bbox 570 3796 1717 3901; baseline 0.015 -33"><span class='ocrx_word' id='word_1_271' title='bbox 570 3796 806 3895; x_wconf 63' lang='lat' dir='ltr'>persestiones</span> <span class='ocrx_word' id='word_1_272' title='bbox 831 3804 1058 3881; x_wconf 65' lang='lat' dir='ltr'>deviantes,</span> <span class='ocrx_word' id='word_1_273' title='bbox 1090 3804 1126 3877; x_wconf 91' lang='lat' dir='ltr'>in</span> <span class='ocrx_word' id='word_1_274' title='bbox 1148 3803 1281 3900; x_wconf 86' lang='lat' dir='ltr'>legibus</span> <span class='ocrx_word' id='word_1_275' title='bbox 1303 3806 1336 3878; x_wconf 81' lang='lat' dir='ltr'>dt</span> <span class='ocrx_word' id='word_1_276' title='bbox 1357 3810 1521 3901; x_wconf 84' lang='lat' dir='ltr'>operibus</span> <span class='ocrx_word' id='word_1_277' title='bbox 1543 3810 1609 3883; x_wconf 87' lang='lat' dir='ltr'>tuis</span> <span class='ocrx_word' id='word_1_278' title='bbox 1634 3829 1717 3885; x_wconf 88' lang='lat' dir='ltr'>con·</span> 
     </span>
     <span class='ocr_line' id='line_1_34' title="bbox 569 3895 1718 3991; baseline 0.007 -20"><span class='ocrx_word' id='word_1_279' title='bbox 569 3895 723 3989; x_wconf 85' lang='lat' dir='ltr'>spicuas,</span> <span class='ocrx_word' id='word_1_280' title='bbox 747 3898 888 3989; x_wconf 88' lang='lat' dir='ltr'>copiosa</span> <span class='ocrx_word' id='word_1_281' title='bbox 911 3898 1075 3975; x_wconf 88' lang='lat' dir='ltr'>oratione</span> <span class='ocrx_word' id='word_1_282' title='bbox 1104 3900 1137 3972; x_wconf 86' lang='lat' dir='ltr'>di</span> <span class='ocrx_word' id='word_1_283' title='bbox 1159 3902 1391 3991; x_wconf 87' lang='lat' dir='ltr'>carminibus,</span> <span class='ocrx_word' id='word_1_284' title='bbox 1425 3905 1601 3979; x_wconf 75' lang='lat' dir='ltr'>nobiliore</span> <span class='ocrx_word' id='word_1_285' title='bbox 1626 3928 1718 3979; x_wconf 90' lang='lat' dir='ltr'>vena</span> 
     </span>
     <span class='ocr_line' id='line_1_35' title="bbox 567 3994 1716 4099; baseline 0.003 -30"><span class='ocrx_word' id='word_1_286' title='bbox 567 3994 780 4081; x_wconf 88' lang='lat' dir='ltr'>fluentibus,</span> <span class='ocrx_word' id='word_1_287' title='bbox 804 3997 1007 4075; x_wconf 87' lang='lat' dir='ltr'>celebrabo.</span> <span class='ocrx_word' id='word_1_288' title='bbox 1058 3996 1221 4077; x_wconf 88' lang='lat' dir='ltr'>Verbum</span> <span class='ocrx_word' id='word_1_289' title='bbox 1236 4001 1396 4090; x_wconf 76' lang='lat' dir='ltr'>enimpii</span> <span class='ocrx_word' id='word_1_290' title='bbox 1416 4051 1429 4093; x_wconf 94' lang='lat'>,</span> <span class='ocrx_word' id='word_1_291' title='bbox 1453 4002 1597 4097; x_wconf 87' lang='lat' dir='ltr'>proprie</span> <span class='ocrx_word' id='word_1_292' title='bbox 1602 4000 1716 4099; x_wconf 68' lang='lat' dir='ltr'>statua</span> 
     </span>
     <span class='ocr_line' id='line_1_36' title="bbox 567 4118 1718 4172; baseline 0.002 -3"><span class='ocrx_word' id='word_1_293' title='bbox 567 4162 573 4169; x_wconf 82' lang='grc'><strong><em>,</em></strong></span> <span class='ocrx_word' id='word_1_294' title='bbox 992 4158 995 4162; x_wconf 23' lang='lat' dir='ltr'><strong><em>J</em></strong></span> <span class='ocrx_word' id='word_1_295' title='bbox 1644 4118 1718 4172; x_wconf 81' lang='lat' dir='ltr'>rire</span> 
     </span>
     <span class='ocr_line' id='line_1_37' title="bbox 564 4180 1575 4319; baseline 0.002 -40"><span class='ocrx_word' id='word_1_296' title='bbox 564 4208 818 4305; x_wconf 26' lang='lat' dir='ltr'>coOSchulteus</span> <span class='ocrx_word' id='word_1_297' title='bbox 834 4209 874 4279; x_wconf 87' lang='lat' dir='ltr'>ad</span> <span class='ocrx_word' id='word_1_298' title='bbox 888 4207 964 4279; x_wconf 86' lang='lat' dir='ltr'>Har.</span> <span class='ocrx_word' id='word_1_299' title='bbox 982 4210 1070 4285; x_wconf 78' lang='lat' dir='ltr'>cous.</span> <span class='ocrx_word' id='word_1_300' title='bbox 1091 4180 1170 4300; x_wconf 56' lang='lat' dir='ltr'>tp,</span> <span class='ocrx_word' id='word_1_301' title='bbox 1190 4230 1243 4283; x_wconf 89' lang='lat' dir='ltr'>ri.</span> <span class='ocrx_word' id='word_1_302' title='bbox 1287 4194 1311 4319; x_wconf 42' lang='lat' dir='ltr'>l&#39;</span> <span class='ocrx_word' id='word_1_303' title='bbox 1571 4188 1575 4199; x_wconf 48' lang='lat'><strong><em>⁴</em></strong></span> 
     </span>
    </p>
   </div>
   <div class='ocr_carea' id='block_1_3' title="bbox 0 0 1996 5159">
    <p class='ocr_par' dir='ltr' id='par_1_9' title="bbox 0 0 1996 5159">
     <span class='ocr_line' id='line_1_38' title="bbox 0 0 1996 5159; baseline 0 4"><span class='ocrx_word' id='word_1_304' title='bbox 0 0 1996 5159; x_wconf 95' lang='lat' dir='ltr'> </span> 
     </span>
    </p>
   </div>
  </div>
 </body>
</html>
