3984 5159
481 496 556 554 aa
630 473 814 550 rsa
860 421 995 556 uu.
1069 479 1276 586 exarz,
1335 499 1451 579 tn

299 670 603 751 conservationem
631 679 709 742 tum
733 663 900 764 figurate,
933 680 1011 744 tum
1040 663 1206 770 proprie,
1237 679 1448 760 luculentius

298 775 453 856 exhibet,
478 765 571 841 vers.
590 768 678 840 6-8.
727 763 818 862 Quae
831 786 919 838 vera
943 767 979 840 dt
1001 765 1112 843 facilis
1132 773 1184 847 est
1198 773 1332 852 divifio.
1499 813 1501 818 ¹

297 895 301 901 v
346 873 377 959 §.
392 863 469 938 XV.
525 891 559 938 n.
588 861 773 935 Generalis
802 861 1025 955 propositio,
1067 888 1169 958 quam
1198 893 1281 945 mox
1302 876 1448 952 demon·

302 961 399 1053 strat,
424 963 456 1036 dt
476 956 688 1055 amplificat,
712 956 1116 1068 prorniffumdeuanas,
1141 967 1263 1060 inquo
1278 971 1449 1066 haeoper·

297 1057 384 1135 ‘sona
413 1073 514 1145 erat,
546 1056 818 1130 continuatione
843 1057 1049 1149 complexa,
1074 1061 1124 1134 ita
1149 1060 1270 1153 sonat,
1301 1069 1390 1142 vers.
1412 1093 1446 1163 3.

305 1155 383 1229 Nm
397 1153 481 1247 fimet
501 1155 658 1226 vacillare
675 1154 786 1246 pedem
808 1166 923 1241 tuum,
938 1152 984 1226 sc.
1004 1154 1165 1248 Jehova,
1190 1162 1282 1237 coeli
1298 1162 1332 1236 dt
1347 1181 1449 1240 terrae

303 1269 463 1340 creator,
480 1249 527 1322 de
547 1272 619 1342 quo
641 1265 806 1340 tanquam
832 1249 949 1321 auxilii
968 1250 1020 1323 sui
1045 1253 1187 1328 auctore
1215 1259 1324 1333 modo
1350 1262 1448 1337 locu·

308 1365 367 1424 tus
387 1361 458 1420 crat
479 1362 602 1440 poeta;
627 1345 722 1440 quod
743 1343 795 1417 est
820 1344 1034 1424 facillimum.
1097 1351 1138 1426 ln
1160 1353 1225 1428 bac
1251 1353 1451 1434 suafiducia

312 1441 529 1518 confirmatur
549 1464 613 1535 per
625 1443 699 1516 haec
712 1445 841 1531 verba,
866 1465 929 1515 non
940 1441 1029 1536 fimet
1046 1451 1206 1522 vacillare
1219 1455 1328 1544 pedem
1344 1469 1449 1532 tuum.
1555 1491 1558 1504 2

314 1541 349 1614 h.
371 1563 401 1614 e.
445 1539 592 1612 Cavebit
613 1537 738 1629 Deus,
771 1560 817 1613 ne
841 1538 885 1611 de
907 1537 1046 1614 sublimi
1065 1543 1131 1617 hac
1153 1545 1358 1624 conditione
1390 1554 1450 1625 vel

312 1637 486 1716 minimum
513 1635 744 1726 dimovearis,
774 1657 821 1710 ne
845 1637 940 1709 mole
968 1638 1083 1731 aliqua
1112 1639 1244 1732 pressus
1270 1645 1448 1736 declines,
1482 1727 1484 1732 ,

310 1749 369 1810 aut
386 1735 491 1829 lapsus
514 1733 711 1826 periculum
730 1735 908 1821 incurras,
933 1735 1449 1830 conna,quarnfirmiss1num

306 1832 427 1905 reddet
446 1827 571 1904 statum
592 1845 715 1915 tuum,
740 1829 966 1906 &securum
1016 1831 1160 1930 Negans
1181 1835 1275 1912 enim
1292 1839 1449 1932 propoli·

268 1942 279 1951 ‘
307 1930 358 2003 tio
375 1927 529 2003 involvit
548 1927 766 1999 contrariam
785 1924 1052 2020 adfirmantem
1077 1931 1167 2004 utin
1182 1933 1306 2030 vulgus
1320 1950 1449 2024 notum

280 2042 285 2054 ’
307 2023 368 2099 est.
414 2021 543 2108 Phralis
565 2023 699 2112 Hebe,
730 2021 943 2098 adverbum
965 2024 1113 2118 sonam,
1145 2052 1209 2102 mn
1228 2033 1318 2104 dabit
1331 2035 1373 2104 ad
1389 2057 1449 2106 va·

309 2125 437 2208 cillere,
463 2122 522 2193 vel
542 2122 770 2207 vacillarunt,
791 2123 900 2214 pedem
927 2118 1055 2215 Tuum,
1079 2147 1155 2199 non
1172 2142 1309 2204 tantum
1325 2127 1451 2226 fignifi.
1498 2149 1502 2157 '

309 2217 510 2307 cat,Deum
524 2213 586 2290 suo
597 2216 732 2308 judicio
746 2217 834 2289 nihil
849 2217 1034 2311 mali,quo
1050 2221 1093 2291 de
1107 2219 1197 2295 statu
1211 2225 1314 2315 dejici
1331 2225 1449 2318 queat,

307 2315 376 2389 esse
402 2311 646 2402 immiliurum,
671 2312 731 2384 led
755 2334 823 2386 nec
843 2313 1113 2407 permissurum,
1137 2331 1178 2390 ut
1199 2321 1242 2391 ab
1264 2321 1450 2410 hostibus,

305 2428 367 2488 aut
384 2412 455 2484 aliis
472 2411 619 2495 calibus,
631 2409 713 2490 ,tale
735 2410 818 2504 quid
833 2409 1027 2505 contingat.
1076 2409 1172 2486 Dare
1186 2410 1274 2507 sape
1287 2416 1380 2490 idem
1399 2417 1451 2492 est

304 2530 345 2584 ac
357 2513 542 2606 permittere
565 2505 616 2580 Ps.
636 2528 712 2581 xva:
739 2525 793 2581 10.
811 2529 874 2579 mn
890 2507 979 2578 dolis
986 2503 1137 2602 fandum
1151 2523 1243 2582 tuum
1257 2513 1367 2585 uidere
1382 2537 1451 2587 tor·

301 2612 491 2704 ruptionem.
527 2603 662 2677 Sed&
684 2603 756 2676 hoc
775 2603 986 2676 tralaticium
1010 2601 1072 2678 est.
1121 2603 1313 2684 Veniamus
1329 2610 1450 2705 itaque

302 2705 339 2780 iu
368 2726 443 2777 rem
474 2699 612 2795 ipsam,
649 2699 683 2772 dc
712 2697 846 2774 sensum
869 2696 1066 2792 plrraliosfi
1116 2717 1198 2777 ratae
1219 2725 1263 2780 ex
1289 2729 1450 2784 onamus.

301 2803 411 2889 Sunt,
437 2798 495 2893 qul
509 2799 619 2893 pedem
634 2795 676 2868 ad
691 2797 846 2870 animum
860 2795 1042 2886 referunt,
1112 2797 1155 2872 de
1169 2800 1243 2890 eJ'us
1257 2727 1450 2896 immitam,

301 2898 339 2973 in
354 2893 536 2992 certafpe,
561 2888 801 2988 acfide,s1ta,
826 2893 1125 2987 interpretantur3
1150 2898 1319 2975 utsensus
1334 2901 1395 2988 fir,
1405 2899 1451 2994 fi·

300 2997 351 3070 des
374 2995 411 3068 a
424 2989 498 3087 spes
521 3005 579 3064 tua
604 3011 650 3064 ne
674 2989 833 3079 vacillet,
859 2991 892 3064 a
916 2991 1007 3066 statu
1022 2992 1144 3162 {tatia
1165 2997 1322 3086 excidas,
1352 2995 1451 3073 Deus

298 3089 514 3190 providebit.
564 3085 682 3160 Pedem
699 3085 818 3160 animo
832 3088 997 3177 attribui,
1075 3089 1119 3164 de
1132 3083 1450 3188 fundatillrmaspe,

298 3214 340 3266 ae
365 3186 474 3262 animi
492 3183 676 3271 firmitate,
701 3182 876 3278 usurpari,
895 3187 947 3258 'ex
970 3182 1020 3259 Ps.
1042 3206 1170 3262 uxxur:
1190 3210 1219 3263 1.
1243 3189 1384 3281 aliisque
1398 3189 1451 3264 lo·

301 3290 375 3376 cis,
400 3295 540 3358 certum
561 3280 632 3369 est3
656 3279 715 3353 sed
738 3281 795 3353 hic
816 3282 916 3355 locus
936 3303 1022 3356 num
1044 3287 1289 3378 compatiatur
1304 3283 1450 3380 conspe·

305 3383 421 3470 uun,
445 3377 700 3466 dubitaverim
732 3399 814 3452 cum
838 3381 893 3450 vir
910 3376 1046 3451 sanstus
1066 3376 1228 3456 fiduciam
1245 3379 1388 3474 &spem
1412 3383 1453 3460 in'

302 3479 443 3574 Jehova
463 3475 663 3549 luculenter
684 3473 903 3566 explicuillet
925 3471 997 3565 ipse
1010 3472 1100 3547 vers.
1117 3497 1173 3565 m,
1197 3477 1355 3572 adeoque
1374 3479 1452 3560 lon.

303 3599 349 3674 ge
369 3575 484 3669 aptius
504 3572 542 3645 in
563 3570 621 3666 spe
643 3571 918 3658 corroboretur,
943 3589 1048 3661 quam
1062 3585 1101 3646 ut
1116 3570 1244 3666 delpei
1269 3576 1453 3654 continua.

307 3675 406 3752 tione
432 3669 566 3743 certior
594 3667 769 3740 reddatur.
826 3665 950 3763 Longe
973 3666 1090 3761 itaque
1113 3668 1239 3745 rellius
1260 3672 1303 3745 ad
1324 3684 1452 3752 externa·

309 3769 417 3844 status
433 3764 634 3840 firmitatem
648 3764 942 3852 continuandam,
962 3765 997 3837 dc
1010 3766 1130 3862 gloriae
1142 3789 1183 3841 ac
1197 3768 1372 3845 felicitatis
1390 3773 1452 3849 du·
1532 3797 1535 3806 ·

305 3869 510 3951 tationem,
543 3859 746 3950 referimus,
777 3882 857 3937 cum
881 3860 1032 3957 quodid
1053 3863 1094 3937 ad
1115 3887 1190 3940 rem
1212 3866 1385 3958 faciebat,
1410 3886 1454 3946 ut

314 3987 390 4041 non
412 3981 555 4049 vortam,
580 3957 640 4032 sed
649 3955 794 4054 solidam
810 3957 879 4035 ell'e
901 3959 996 4128 igam
1016 3959 1132 4060 spem,
1164 3987 1267 4062 quam
1283 3966 1456 4063 expresse.

952 4076 977 4132 n
1388 4077 1466 4160 rat,
