3984 5159
435 567 509 625 an
581 546 609 623 Ρ
656 547 680 625 8
728 551 765 626 A
810 550 842 628 L
889 550 945 629 M.
1026 552 1169 635 CXIX:
1198 574 1321 660 132-
1403 511 1481 669 nep

305 750 413 847 dina]
429 772 462 826 os
476 769 581 826 meum
596 746 738 843 distendo
756 748 871 846 [quod
892 750 944 824 est
966 778 1021 839 apa
1045 755 1171 846 ,cujus
1193 758 1355 851 primaria
1368 770 1469 851 pote·

305 851 370 927 stas
384 849 438 924 est
456 849 494 923 in
515 850 618 923 hiatu
638 848 710 920 oris
723 848 889 943 patente]
908 846 951 931 ὅ
967 872 1084 921 aarum
1096 854 1193 946 'capto
1212 856 1334 951 [quam
1350 859 1467 933 notio

303 972 390 1025 nem
413 946 575 1022 continet
597 961 662 1046 neu
682 948 817 1035 anhelo,
856 969 973 1017 aarum
994 950 1118 1022 haurio,
1132 949 1200 1043 a,]
1234 956 1276 1023 ad
1298 970 1356 1025 tuo
1379 960 1467 1027 enim

299 1060 463 1145 precepta
484 1044 609 1138 adspira
624 1040 750 1138 (quam
766 1040 1078 1139 significationem,
1088 1102 1091 1108 ,
1103 1048 1219 1119 verbo
1234 1075 1285 1123 :m
1307 1050 1464 1123 tribuere

303 1146 411 1217 liceat
433 1163 478 1214 ex
497 1138 682 1214 vicinitate
700 1165 762 1214 mu
775 1140 983 1234 adspiraut't,
1009 1138 1174 1233 spirando
1187 1144 1336 1237 adpetiit
1350 1150 1388 1235 i,
1415 1146 1472 1221 so·‘

304 1264 358 1318 no
378 1237 496 1313 ansam
518 1233 733 1333 praebente.)
782 1235 960 1329 Exprimit
987 1240 1105 1335 itaque
1120 1236 1294 1315 summum
1310 1242 1467 1341 &veho
1509 1251 1512 1266 '

304 1332 557 1415 mentillimum
571 1332 673 1408 suum
685 1330 896 1407 desiderium
909 1334 1017 1431 legis,
1042 1337 1187 1429 ejusque
1203 1336 1441 1436 innstruslionis
1453 1349 1470 1429 ,'

305 1434 467 1525 metaph.
493 1431 535 1503 ab
558 1432 737 1505 animante
760 1430 884 1519 dusla,
915 1432 1013 1524 quod
1032 1429 1087 1504 srti
1105 1432 1197 1525 quasr
1220 1433 1384 1509 enetlum
1399 1457 1469 1509 ore
1531 1464 1534 1473 *

308 1526 470 1623 dispenso
487 1527 581 1618 hiat,
615 1527 651 1603 δι
671 1548 790 1602 auram
808 1526 953 1602 naribus
976 1527 1149 1619 adtrahit,
1174 1531 1325 1625 indeque
1343 1546 1465 1609 ortum

310 1628 519 1703 continuum
543 1626 775 1715 exercitium,
812 1646 906 1718 quo,
949 1647 1013 1699 ore
1036 1624 1129 1718 quasi
1152 1624 1326 1716 distento,
1358 1628 1465 1704 instat

310 1723 546 1805 esurientis&
565 1718 734 1809 sitientis,
759 1722 975 1813 doilrimm,
1003 1721 1045 1796 ad
1066 1725 1172 1797 suam.
1185 1724 1466 1803 consolationem

307 1846 351 1897 ac
369 1818 618 1906 direshionem,
651 1842 671 1891 e
693 1820 771 1916 lege
793 1821 906 1914 petit,
931 1821 983 1894 uti
1000 1820 1080 1915 Job.
1100 1840 1195 1895 xxix:
1211 1842 1267 1915 23.
1293 1821 1467 1918 Exspatia-

309 1926 391 1995 hunt
417 1934 571 2014 tanquam
588 1921 744 2013 pluviam
765 1940 836 2006 me,
868 1932 964 2014 atque
990 1939 1024 1990 os
1035 1918 1137 2011 suum
1158 1919 1311 1993 deducent
1333 1922 1375 1993 ad
1391 1924 1466 2016 plu-

309 2016 601 2107 uiumserotinam.
651 2014 729 2106 Ubi¹
741 2014 812 2109 vid.
826 2014 1025 2091 Schultens,

263 2140 267 2144 ·
359 2120 393 2205 ς..
413 2112 538 2186 LXll.'
550 2111 697 2184 Secunda
714 2133 790 2204 pars
805 2112 949 2187 exhibet
962 2134 1109 2209 preces,
1135 2116 1260 2211 quibus
1278 2116 1314 2191 in
1333 2136 1470 2213 genere

313 2208 547 2285 constantiam
572 2208 609 2283 in
632 2208 766 2295 virtute
795 2230 835 2282 ae
860 2210 1168 2288 conservationem
1196 2215 1234 2288 in
1261 2210 1352 2288 statu
1380 2214 1467 2303 suo,

236 2324 239 2327 ’
315 2308 401 2384 dein
420 2307 461 2380 in
474 2304 589 2399 speeie
601 2307 741 2398 plenam
755 2305 1002 2382 liberationem
1017 2311 1061 2385 ab
1076 2308 1179 2380 hoste
1191 2331 1287 2382 nunc
1302 2332 1466 2403 promen·

314 2417 384 2493 te,
422 2402 574 2497 denique
602 2404 896 2487 illuminationem
922 2404 1094 2480 Divinam·
1122 2404 1166 2476 ad
1189 2422 1369 2499 precepta
1396 2407 1468 2478 Dei

315 2500 413 2576 reue
440 2498 711 2598 cognoscenda,
750 2500 940 2598 supplicat,
979 2500 1070 2575 vers.
1103 2520 1282 2595 132⁷·135·
1338 2502 1468 2603 Preces

315 2630 351 2674 a.
372 2597 569 2674 summatim
593 2598 784 2692 proponit,
823 2598 915 2673 vers.
941 2620 1021 2692 132.
1075 2601 1199 2691 siper
1221 2612 1337 2691 partes
1358 2598 1467 2671 dedu·

313 2697 386 2787 cit,
419 2694 713 2791 vers133·-135.
752 2728 786 2769 a.
810 2699 1003 2771 summaria
1029 2692 1223 2789 prop0s1ti0
1255 2694 1309 2768 his
1334 2692 1375 2771 fit
1388 2716 1468 2769 ver·

314 2794 391 2886 bis,
417 2791 506 2866 vers.
524 2814 603 2886 13²·
628 2792 762 2889 Respice
780 2796 822 2866 ud
835 2818 903 2881 me,
931 2792 976 2877 ἐξ
1000 2798 1314 2867 tenerrimamtuum
1330 2816 1469 2867 umorem

316 2894 399 2965 mihi
411 2886 607 2978 demonstra,
623 2889 801 2983 secunlum
825 2895 1006 2987 legitimum
1026 2914 1142 2963 morem
1159 2896 1340 2963 amantium
1353 2914 1469 2966 nomeu
1543 2942 1545 2947 .

318 3001 422 3062 tuum.
449 2988 484 3060 h.
508 3010 540 3061 e.
589 2986 714 3062 Talem
736 3003 774 3061 te
794 2988 879 3062 mihi
903 2986 1041 3082 praestes
1055 2986 1287 3083 inspesh'orem
1301 2990 1336 3063 δι
1349 3004 1469 3082 patro-

315 3106 424 3174 num,
448 3085 558 3159 thlem
569 3106 651 3182 erga
670 3106 729 3159 me
750 3085 981 3161 tenerrimum
1004 3083 1141 3159 exseras
1156 3084 1351 3172 adfestum,
1378 3098 1470 3176 peto

315 3182 353 3256 δι
378 3181 542 3276 exspeslo
554 3231 570 3271 ,
606 3184 745 3276 qualem
771 3183 835 3256 sthi
862 3187 1071 3276 promittere
1093 3182 1300 3276 &experiri
1319 3178 1409 3272 J'uste
1433 3178 1470 3252 lit

315 3280 473 3376 legitime
487 3280 603 3354 solent
625 3282 694 3367 illi,
726 3280 787 3372 qui
806 3282 959 3355 nominis
974 3282 1028 3355 tui
1043 3279 1263 3377 glorificandi
1277 3276 1391 3349 studio
1406 3276 1468 3349 du·

192 3443 197 3452 .
297 3374 459 3452 ⁴cuntur⁸
523 3379 631 3451 lione
653 3375 813 3452 existimo
832 3376 968 3452 sensum
992 3378 1066 3455 esse
1082 3376 1283 3470 posterioris
1296 3374 1473 3461 membri,

307 3473 489 3574 secundum
511 3476 595 3571 jus,
615 3475 675 3547 vel
694 3474 890 3572 legitimum
912 3474 946 3546 δι
965 3473 1094 3565 justum
1108 3496 1268 3561 morem,
1289 3474 1473 3545 amantium

316 3598 434 3648 nomen
450 3586 565 3658 tumn,-
589 3567 689 3645 secus
711 3594 752 3645 ac
769 3571 883 3667 vulgo
895 3569 1010 3644 solent
1028 3570 1265 3663 interpretes,
1287 3568 1346 3659 qui
1352 3565 1472 3661 secun·

260 3706 272 3715 ·
321 3671 400 3744 dum
417 3672 496 3766 jus,
524 3666 585 3743 seu
603 3694 738 3756 morem,
757 3670 804 3742 ari
815 3668 934 3741 Deum
949 3666 1131 3756 referunt,
1146 3668 1180 3739 δι
1194 3666 1242 3737 de
1251 3662 1479 3739 consuetudi·

321 3790 371 3843 ne
392 3768 538 3863 agendi,
578 3789 682 3860 quam
709 3768 808 3840 Deus
838 3780 941 3841 tenet
971 3788 1053 3840 curn
1084 3767 1149 3860 piis
1176 3764 1475 3857 interpretantur:

326 3886 402 3940 non
430 3867 526 3939 enim
542 3862 722 3963 seeundum
744 3867 803 3962 jus
831 3879 924 3937 tuum
943 3865 1114 3954 habetur,
1149 3860 1206 3935 sed
1223 3862 1301 3957 jus,
1339 3860 1478 3935 &eum

326 3966 514 4039 amantibus
532 3987 644 4039 nonan
659 3962 735 4037 Dei
745 3962 905 4039 cohaeret
915 3964 1123 4134 :jsstfautem
1139 3964 1325 4035 amantibus
1342 3980 1480 4126 nolnlren

956 4114 960 4121 -
1019 4084 1041 4156 3
1213 4124 1222 4135 ,
1428 4078 1488 4143 el,

376 4200 397 4247 ι
419 4179 589 4252 Schulteua
602 4178 685 4253 clar.
699 4198 734 4269 p.
752 4195 825 4260 191.
911 4176 930 4247 i
951 4174 1044 4254 luen
1060 4175 1102 4249 ad
1115 4176 1194 4253 Har.
1212 4174 1299 4250 cons.
1316 4190 1367 4243 rr.
1383 4186 1416 4255 p.
1430 4175 1491 4239 oo.
