3984 5159
585 597 659 682 τεο
771 557 1600 654 conruent-nurus

478 769 484 784 '
583 758 774 952 §flectatur
795 757 982 848 delinitio,
1014 755 1102 834 vers.
1131 777 1185 832 11.
1212 761 1351 856 glorium
1373 757 1684 854 regelwidem,
1711 749 1756 836 8
1830 711 1833 759 '³

630 861 822 936 rrirudinem
844 876 935 932 ruem
954 853 1117 954 dffrerrt.
1140 859 1174 930 h.
1196 879 1227 931 e.
1252 857 1407 930 laudatio
1427 856 1566 948 piorum
1582 853 1618 928 in
1635 852 1754 946 specie

587 954 793 1032 'versabitur
815 957 985 1052 ingloria
1008 953 1108 1050 regni
1133 955 1207 1040 tui,
1231 973 1270 1028 et
1284 953 1494 1026 fortitudine
1509 971 1568 1025 tua
1588 971 1753 1024 enarram-

594 1055 658 1141 da,
684 1075 795 1146 eaque
819 1055 957 1128 ratione
976 1050 1200 1138 instituetur,
1225 1067 1265 1124 ut
1285 1052 1409 1142 partim
1426 1065 1527 1122 cautu
1542 1047 1756 1123 celebraturi
1776 1059 1780 1066 '

594 1151 681 1238 sint,
703 1157 829 1247 partim
855 1151 1019 1246 longiore
1050 1146 1220 1222 sermonis
1252 1146 1357 1221 duiiu
1384 1147 1418 1220 id
1440 1143 1578 1220 satiari.
1634 1143 1755 1217 Gloria

595 1254 689 1343 regni
718 1245 786 1318 Dei
814 1241 864 1316 est
885 1242 1035 1343 gloriosa
1054 1244 1265 1342 gubernatio
1287 1245 1354 1316 Dei
1372 1245 1409 1318 in
1431 1260 1556 1318 natura
1570 1257 1606 1316 et
1621 1245 1756 1340 gratia,

625 1365 678 1416 ue
693 1343 738 1415 de
750 1340 887 1418 eximiis
905 1344 939 1418 dt
955 1341 1307 1437 praeponderantibus
1317 1343 1391 1433 ejus
1407 1339 1687 1435 perfestionibus
1704 1355 1757 1414 te·

596 1368 725 1527 flatum
746 1444 893 1536 porentia
916 1441 986 1514 Dei
1007 1438 1081 1530 cll,
1107 1461 1183 1532 qua
1198 1441 1233 1514 in
1248 1461 1290 1512 ea
1308 1437 1493 1526 elucescit,
1519 1439 1554 1512 ir
1592 1459 1632 1509 er
1650 1457 1756 1533 quam

597 1532 772 1626 efficitur3
802 1535 892 1612 adeo
920 1556 962 1612 ut
980 1539 1193 1636 gubernatio
1212 1535 1381 1634 gloriosa,
1406 1535 1506 1610 srmul
1529 1557 1549 1607 e
1587 1532 1756 1610 cacilsrma

596 1631 661 1722 lit,
694 1637 752 1708 cui
779 1635 867 1710 uilril
890 1634 1026 1712 resistit.
1092 1634 1193 1706 Hanc
1243 1631 1405 1708 loriosam
1428 1635 1462 1708 δι
1484 1630 1756 1724 potentissimam

563 1801 566 1805 ,
597 1732 894 1830 gubernationem
919 1735 1063 1806 dicerent
1094 1728 1128 1803 dt
1157 1655 1372 1824 diffegrermr,
1412 1734 1537 1823 partim
1567 1729 1755 1818 breviore,

598 1829 726 1926 partim
747 1831 911 1924 longiore
934 1831 1118 1914 sermone,
1141 1825 1348 1914 fruetuum,
1372 1823 1444 1898 lire
1460 1831 1587 1920 quovis
1602 1827 1672 1900 alio
1688 1825 1754 1900 set·

597 1949 707 2003 mone
725 1925 864 2022 longius
880 1921 1011 1998 strutio
1026 1924 1059 1996 ἃ
1073 1921 1243 1999 ueratro:
1276 1945 1353 2016 qua
1369 1921 1485 1996 visest
1501 1923 1602 1998 verbi
1623 1950 1694 1998 rar.

647 2028 680 2114 ὅ.
696 2021 789 2096 Xlll.
839 2043 868 2095 r.
892 2022 1058 2116 Sequitur
1078 2019 1203 2112 scopus
1229 2021 1263 2096 tr
1285 2018 1433 2094 effeetus
1459 2020 1561 2112 huius
1585 2020 1755 2096 laudatio-

598 2120 672 2204 nis,
697 2118 788 2191 vers.
815 2139 870 2190 ra.
896 2119 940 2188 ad
961 2113 1195 2209 neripirandum
1209 2113 1298 2209 filiis
1314 2120 1476 2190 bominum
1486 2123 1650 2212 potentias
1666 2120 1754 2214 ejas,

600 2212 644 2297 δ’
661 2217 801 2308 gloriam
820 2214 978 2286 verendae
1000 2209 1179 2310 majestatis
1202 2217 1296 2308 regni
1319 2211 1424 2307 iliius.
1447 2213 1488 2288 b.
1507 2234 1538 2287 e.
1560 2237 1672 2308 opera
1686 2213 1755 2286 Dei

600 2307 784 2386 materiam
811 2309 1024 2402 praebendo,
1055 2310 1091 2385 ά
1118 2309 1165 2403 pii
1192 2307 1412 2385 sermonibus
1435 2311 1470 2385 &
1490 2311 1609 2384 verbis
1633 2311 1755 2408 praedi·

598 2402 735 2493 cando,
762 2427 804 2480 ac
824 2406 1061 2499 celebrando,
1086 2427 1133 2481 eo
1153 2407 1365 2496 collineant,
1391 2423 1431 2481 ut
1446 2407 1626 2499 quibusvis
1644 2408 1756 2482 homi·

597 2504 704 2584 nibus
732 2524 794 2596 per
816 2505 941 2580 orbem
966 2520 1140 2580 terrarum
1158 2501 1358 2580 innotescat
1379 2501 1511 2578 summa
1533 2506 1633 2603 regni
1648 2505 1755 2600 Jelro·

600 2621 655 2676 vae
671 2601 728 2675 vis
742 2599 993 2695 potentillima‚
1005 2603 1039 2678 δι
1053 2599 1202 2696 gloriosa
1217 2623 1259 2676 ae
1274 2599 1430 2674 verenda
1446 2601 1618 2695 Majestas.
1643 2599 1756 2700 Quod

600 2719 687 2774 vera
709 2699 768 2774 sua
788 2696 938 2792 emphasi
952 2699 1015 2776 sub
1032 2699 1226 2796 Euangelio
1241 2695 1301 2788 fit;
1325 2698 1379 2772 uti
1395 2712 1539 2774 notum:
1556 2720 1627 2792 quo
1642 2701 1756 2771 verba

600 2797 729 2872 ultimo
748 2798 940 2887 pertinent.
991 2795 1156 2886 ¹Notetur
1176 2811 1337 2882 tantum,
1364 2795 1407 2868 ad
1429 2794 1654 2872 desultoriam
1676 2815 1756 2888 per·

600 2889 702 2964 sonae
716 2893 952 2968 mutationem
973 2892 1175 2982 vitandam,
1199 2891 1387 2965 relativum
1407 2893 1496 2986 ejus,
1529 2891 1566 2965 in
1590 2913 1682 2968 voce
1700 2907 1755 2987 po·

600 2991 723 3063 tentiae
745 2987 834 3080 ejus,
867 2988 962 3060 reete
981 2989 1107 3062 referri
1130 2989 1172 3059 ad
1194 3011 1329 3084 regnum
1351 2986 1422 3062 Dei
1449 2989 1559 3062 modo
1582 3011 1755 3064 memora·

600 3097 697 3170 tum,
729 3098 770 3157 ut
791 3085 842 3157 vis
866 3081 994 3156 inviiia
1017 3086 1053 3159 tr
1081 3081 1373 3177 penetrantissima
1400 3085 1496 3184 regni
1525 3083 1592 3158 Dei
1622 3087 1755 3160 indice·

600 3193 689 3269 tur,
726 3179 814 3254 sicut
834 3180 916 3254 alibi
942 3203 1081 3275 regnum
1102 3179 1171 3253 Dei
1192 3181 1322 3254 dicitur
1346 3189 1416 3255 uim
1435 3179 1550 3271 ferere
1574 3184 1681 3260 Matt.
1703 3205 1755 3260 xt.

601 3274 799 3352 Confirmat
829 3277 1029 3354 membrum
1052 3276 1220 3371 sequens,
1242 3277 1303 3350 ubi
1320 3276 1476 3370 maiestas
1489 3279 1641 3376 gloriosa
1653 3299 1753 3377 reguo

601 3374 834 3463 adtribuitur3
859 3374 1018 3469 adeoque
1033 3375 1080 3449 ibi
1096 3374 1324 3468 exprimitur,
1337 3375 1435 3468 quod
1455 3377 1490 3448 in
1509 3378 1627 3468 priore
1644 3399 1753 3466 mem,

599 3472 667 3547 bro
682 3494 745 3567 per
759 3476 939 3549 relativum
952 3475 1026 3563 ejus
1040 3473 1225 3549 indicatur.
1275 3472 1478 3548 iterativum
1497 3493 1585 3548 vero
1599 3479 1635 3550 in
1653 3483 1753 3550 rnnin

583 3565 674 3646 'non
697 3565 748 3642 est
766 3571 908 3664 proprie
929 3569 1137 3656 relativum,
1170 3569 1228 3644 sed
1252 3571 1498 3668 paragogicum
1515 3591 1596 3646 curn
1613 3575 1753 3667 empha-

599 3665 624 3737 si
648 3667 848 3758 abundans,
874 3681 913 3742 ut
933 3666 975 3741 fit
994 3673 1090 3766 regni
1111 3665 1223 3760 disus,
1255 3689 1360 3762 quern
1380 3666 1479 3742 ulum
1501 3694 1510 3739 r
1531 3669 1622 3743 haud
1645 3670 1754 3745 infre·

600 3763 887 3851 quenterhabet.
1078 3827 1080 3834 .

649 3859 681 3944 5.
702 3855 799 3932 X2V.
857 3861 885 3932 d.
912 3859 1087 3937 Potentia
1108 3857 1248 3934 inviilae
1272 3859 1545 3956 &penetranti,
1568 3861 1752 3954 majestati.

596 3973 669 4048 que
689 3953 848 4049 gloriosae
868 3959 965 4050 regni
989 3959 1058 4049 Dei
1081 3957 1176 4032 addit
1193 3977 1320 4052 poeta,
1346 3963 1380 4032 in
1396 3963 1559 4034 oratione
1573 3959 1615 4033 ad
1631 3962 1749 4037 Deum

594 4069 771 4151 pergens,
785 4051 863 4143 ejus
874 4067 1040 4132 aeternam
1053 4057 1449 4150 durationem,tanquam
1463 4059 1642 4132 materiam
1661 4079 1749 4149 quo-

1679 4174 1749 4248 que
