3984 5159
531 493 1528 658 ⁴mffconmnurarrus

540 713 888 909 beneditiirffebonre
916 713 1024 799 ditat,
1063 731 1121 781 nec
1140 706 1249 802 secum
1274 704 1386 800 adfert
1407 711 1612 797 unciarum,
1634 706 1700 787 serr

545 820 653 897 animi
673 842 729 892 con
759 814 947 897 mitiorem,
979 807 1013 882 h.
1036 826 1068 878 e.
1091 805 1244 880 liberum
1265 827 1305 880 ac
1327 804 1510 901 copiosum
1528 807 1698 882 concedit

543 919 664 1006 usum3
689 913 786 987 secus
807 929 848 981 ac
869 907 988 993 avari,
1021 902 1079 993 qui
1104 903 1172 996 suis
1196 901 1376 977 rudoribus
1394 901 1532 976 divitias
1547 924 1697 1000 congre·

455 996 457 1009 ¹
568 1030 648 1101 ant,
674 1011 794 1084 facere
815 997 1048 1076 solent-vid.
1072 997 1137 1072 hac
1157 997 1201 1071 de
1217 1020 1254 1070 re
1270 997 1465 1072 Ecclesrv.
1484 1001 1516 1072 8.
1541 1021 1595 1075 vr:
1610 1021 1644 1072 2.
1659 1000 1695 1073 dt

543 1113 641 1198 alibi.
688 1103 802 1178 Radix
816 1099 959 1193 proprie
975 1090 1144 1191 fignificat
1151 1091 1297 1187 firmiter
1312 1101 1425 1169 vinxit
1436 1093 1697 1189 „orbitasstrin-

542 1214 597 1284 xit
615 1233 646 1280 a.
671 1200 778 1277 Unde
792 1196 836 1272 ad
848 1216 968 1284 curas,
984 1190 1508 1283 anxietatesdtsollicitudines,
1531 1194 1695 1268 transfer·

547 1395 552 1404 '
591 1401 626 1489 ς.
640 1391 702 1468 ΧΙ.
726 1388 976 1486 lntelliguntnr
990 1387 1109 1482 itaque
1123 1385 1283 1485 homines
1303 1409 1335 1462 a.
1352 1387 1452 1459 anam
1467 1385 1501 1458 dt
1517 1383 1698 1482 animust,

545 1496 605 1592 qui
627 1491 677 1568 nil
700 1487 764 1564 nib
784 1508 871 1580 opes
894 1485 928 1558 dt
950 1485 1105 1560 honores
1125 1487 1162 1560 in
1183 1486 1323 1571 animo,
1347 1482 1527 1570 &oculis,
1551 1482 1715 1558 babent·

543 1597 576 1671 b.
598 1590 664 1666 suis
686 1583 836 1661 consiliis
858 1581 894 1656 dr
915 1581 1094 1655 laboribus
1115 1583 1220 1656 unice
1243 1578 1378 1670 fidunt,
1409 1579 1501 1654 &ab
1515 1580 1576 1669 iis,
1601 1580 1698 1656 nulla

543 1689 644 1777 Dei,
668 1683 812 1776 ejus‘que
838 1677 994 1764 favoris,
1032 1690 1095 1751 aut
1121 1677 1205 1774 legis
1232 1677 1350 1751 habita
1371 1679 1540 1768 ratione,
1565 1675 1699 1752 ,cundia

543 1779 757 1880 exspestant.
813 1799 841 1850 c.
863 1774 1025 1868 adeoque
1050 1774 1102 1846 rei
1122 1771 1281 1848 familiari
1304 1787 1365 1847 aut
1385 1773 1536 1866 publicae
1556 1772 1623 1848 toti
1645 1774 1699 1848 in·
1727 1831 1732 1840 .

543 1882 637 1960 tenti
658 1878 719 1954 fibi
743 1895 811 1969 nec
835 1870 995 1958 somnum
1017 1885 1078 1944 aut
1097 1871 1254 1964 quietem
1276 1869 1352 1943 fere
1372 1872 1596 1958 concedunt,
1628 1891 1697 1944 nec

543 1977 726 2054 liberalem
746 1973 925 2044 bonorum
940 1964 1059 2051 usum,
1075 1981 1221 2056 contra,
1245 1966 1360 2042 multis
1377 1968 1469 2040 curis
1483 1969 1517 2040 dr
1532 1966 1697 2044 sollicitu-

543 2075 685 2149 dinibus
699 2064 923 2140 l'e-continuo
936 2076 1128 2138 macerant.
1154 2063 1251 2152 Hos,
1272 2064 1451 2138 &horum
1464 2061 1610 2150 slmiles,
1636 2087 1697 2138 na·

384 2163 387 2176 '
542 2173 648 2245 nitori
661 2163 890 2249 incumbere,
923 2159 1128 2252 pronuntiat
1147 2161 1310 2248 Salomo,
1333 2177 1430 2248 tum,
1463 2159 1558 2255 quod
1575 2159 1634 2256 ipli
1649 2164 1697 2238 la·

421 2264 427 2274 ’
543 2267 675 2344 borum
689 2257 808 2334 fruilu
828 2270 992 2345 careant,
1023 2256 1164 2350 quiete,
1189 2258 1459 2354 tranquillitate,
1492 2257 1615 2333 &usu
1631 2261 1695 2336 bo·

542 2384 672 2440 norum
700 2355 771 2432 sese
798 2352 1032 2444 frustrantes,
1063 2355 1253 2449 multisque
1278 2354 1371 2430 turis
1391 2365 1696 2454 compungentes,

543 2476 623 2549 tum
649 2455 746 2552 quod
774 2453 899 2528 domos
921 2447 996 2525 suas
1019 2471 1194 2544 perennes
1215 2450 1365 2526 reddere
1387 2468 1587 2545 nequeant,
1618 2453 1693 2530 live

513 2567 516 2572 ’
542 2555 662 2631 liberis
684 2549 943 2634 destituantur,
980 2546 1053 2621 live
1079 2545 1267 2625 liberilint
1289 2547 1461 2642 perverse
1482 2547 1630 2637 indolis,
1656 2551 1694 2625 dr

543 2653 647 2732 'malae
665 2648 797 2746 frugis,
820 2646 893 2719 live
913 2643 1054 2718 familiae
1077 2661 1139 2720 aut
1153 2646 1256 2724 brevi
1271 2645 1496 2740 dispereant,
1517 2661 1576 2720 aut
1590 2645 1690 2722 malis

520 2743 524 2752 ’
542 2749 578 2822 dt
591 2746 794 2828 infortuniis
808 2741 903 2832 justo
917 2739 986 2813 Dei
997 2742 1134 2832 judicio
1149 2742 1341 2817 tradantur.

408 2874 414 2878 ·
542 2837 545 2842 ’
592 2847 625 2933 §-
640 2839 719 2913 Xll.
750 2839 846 2916 Huic
861 2836 1035 2932 perverse
1052 2839 1117 2912 vie
1133 2836 1273 2915 familie
1296 2841 1489 2918 condendae
1504 2841 1537 2914 tr
1551 2839 1694 2916 conser-

289 3031 293 3040 “
387 3052 390 3057 ’
542 3051 599 3127 ta,
625 3029 716 3110 vers.
739 3053 774 3106 2.
789 3029 875 3122 fin,
897 3053 1009 3123 3-5.
1034 3033 1086 3106 his
1101 3034 1239 3122 verbis,
1253 3031 1396 3128 solidum
1410 3037 1498 3110 dulit
1515 3033 1697 3225 dileilolsuo

543 2938 669 3014 vandae
682 2939 832 3031 opponit
844 2956 989 3024 veram,
1006 2957 1083 3029 quae
1094 2941 1220 3031 pirrum
1235 2935 1309 3027 est,
1333 2954 1371 3012 et
1385 2940 1420 3014 in
1428 2937 1553 3030 favore
1569 2937 1639 3012 Dei
1652 2937 1695 3014 fi·

541 3139 580 3210 in
593 3127 718 3230 sonmo.
771 3126 856 3202 Ecce
879 3130 1059 3202 baereditas
1080 3125 1229 3228 Jehouae
1248 3128 1327 3205 sunt
1351 3128 1457 3223 Filii,
1481 3154 1599 3222 merces
1639 3155 1696 3206 ru·

540 3231 610 3306 uus
632 3228 778 3304 ventris·
812 3227 922 3322 quotes
938 3223 1086 3321 sagittae
1107 3231 1144 3299 iar
1166 3249 1264 3299 manu
1288 3230 1389 3300 bernis
1401 3225 1504 3324 sunt,
1530 3233 1612 3302 tales
1622 3227 1694 3322 filii·

537 3330 750 3427 juventutis:
767 3320 903 3415 felicem
924 3326 1060 3396 uirum!
1085 3328 1141 3419 qui
1160 3327 1347 3419 pharetram
1358 3321 1457 3422 suam
1479 3331 1520 3398 ris
1542 3329 1693 3422 impleor·
1832 3381 1837 3386 -

540 3431 610 3513 rit,
634 3447 733 3522 neque
744 3415 928 3519 podifierrt,
954 3421 1078 3517 quondo
1093 3421 1314 3516 disceptabunt
1328 3445 1400 3494 cum
1416 3426 1558 3496 inimicis
1572 3428 1609 3496 in
1622 3438 1695 3519 por·
1828 3485 1830 3490 .

542 3534 593 3594 ra.
610 3520 653 3594 b.
670 3545 702 3595 e.
752 3517 878 3617 Longe
898 3516 1000 3592 aliter
1020 3531 1142 3616 agetur
1161 3538 1243 3594 cum
1263 3516 1396 3594 dileun
1418 3517 1509 3610 Dei,
1534 3533 1572 3593 et
1588 3519 1693 3613 iplius

426 3689 461 3712 ..
543 3617 761 3704 amantibus3
777 3617 907 3711 quippe
923 3615 1048 3710 quibus
1061 3613 1216 3690 stabilem
1232 3627 1269 3690 et
1284 3615 1533 3709 perenninrem
1547 3614 1693 3692 edifica·

542 3725 647 3786 turus
660 3707 712 3781 est
724 3710 895 3800 domum,
917 3713 1048 3801 absque
1071 3725 1111 3784 ut
1132 3711 1181 3783 illi
1202 3727 1263 3785 aut
1276 3711 1475 3802 laboribus,
1503 3729 1564 3788 aut
1578 3712 1692 3804 curis,

543 3805 581 3882 se
603 3803 742 3880 neceffe
762 3805 913 3882 habeant
934 3803 1167 3896 consumere;
1191 3806 1342 3883 dabitiis
1355 3829 1431 3883 rem
1444 3808 1587 3886 solidam
1601 3810 1695 3905 quali

545 3905 584 3981 in
601 3901 745 3978 somno:
768 3900 874 4000 idque
892 3902 930 3986 in
949 3899 1091 3998 pietatis
1111 3901 1267 4002 ipsorum
1289 3905 1555 4003 premiumqi
1568 3907 1693 4022 foede·

580 4108 796 4188 osclum
813 4109 948 4184 neree
971 4120 1003 4201 ς.
1029 4093 1107 4202 ¹5⁴·
1641 4025 1691 4134 m

727 4399 733 4410 ,
786 4378 797 4422 t
