3984 5159
555 559 577 614 2
678 526 1548 611 ,COMMENTARIUS

585 707 619 783 8.
644 697 751 776 Falto
769 706 806 776 io
825 696 1038 793 testimouium
1061 704 1101 774 io
1126 715 1309 790 aeonum,
1333 697 1432 791 solla
1448 704 1484 775 io
1498 704 1643 777 veritate
1671 700 1716 791 δ’

655 815 856 899 testitudine.
1399 863 1404 878 ·

583 954 618 1027 9.
642 931 882 1007 Redemtiouem
903 924 991 1022 misit
1006 928 1210 1027 populosae:
1231 933 1395 1026 proecepit
1411 934 1447 1004 io
1459 948 1629 1012 oeternum
1637 931 1712 1028 soe.

654 1045 841 1141 dussuum:
857 1041 1008 1141 sonitum
1020 1042 1067 1127 δ’
1081 1046 1257 1119 verendum
1275 1040 1444 1136 esiuomeo
1461 1051 1542 1144 ejus.

560 1180 616 1241 10.
642 1159 853 1257 Principium
862 1156 1047 1257 supientiae
1069 1157 1114 1253 efl
1137 1165 1233 1235 timor
1247 1156 1413 1257 Jelouoe:
1439 1170 1615 1240 maturitas
1628 1171 1710 1243 lona

654 1266 799 1351 omuiius'
831 1270 909 1364 est,
940 1280 996 1371 qui
1016 1271 1159 1366 faciunt
1182 1298 1230 1350 eo.
1281 1270 1375 1347 Laus
1388 1273 1458 1371 ejus
1470 1278 1597 1377 corusco
1610 1278 1707 1379 confi.

645 1389 711 1487 stit
726 1394 975 1489 inperpetuum.

643 1628 1606 1821 enouuoouuun

1085 1953 1118 2040 §.
1143 1948 1170 2023 1.

550 2126 913 2229 goatollcellintis
940 2136 1065 2231 hujus,
1097 2137 1355 2246 &flagrantem
1369 2143 1507 2239 pietatis
1522 2146 1699 2227 adfeilum

549 2236 653 2397 w
744 2235 923 2331 spirantis,
949 2234 1088 2308 Cantici
1108 2252 1335 2331 argumentum
1355 2238 1407 2312 est
1433 2244 1626 2319 celebratio
1641 2246 1699 2340 Je-

744 2332 871 2423 hovae,
902 2331 975 2405 Dei
994 2330 1149 2422 Israelis,
1185 2334 1325 2425 publice
1350 2334 1439 2410 faita
1460 2340 1496 2412 in
1519 2340 1698 2420 reiturum

550 2399 592 2484 *i
677 2395 719 2480 ᾗ
743 2428 872 2519 coetu,
902 2429 1088 2523 partimin
1112 2450 1241 2526 genere
1259 2434 1302 2504 ab
1317 2430 1697 2536 illustribustemagnis

527 2605 528 2613 Ν
546 2524 619 2605 Dei
637 2527 821 2623 operibus,
846 2546 967 2603 coram
991 2525 1151 2599 omnium
1176 2527 1290 2599 oculis
1312 2527 1497 2621 expositis,
1530 2537 1693 2625 partima

512 2708 517 2715 ,
544 2628 593 2705 fin
626 2626 726 2717 lari,
753 2626 940 2717 multisque
964 2642 1045 2698 cum
1064 2623 1239 2698 miraculis
1263 2625 1469 2717 conjunlta,
1498 2632 1625 2723 populi
1645 2631 1696 2709 sui

544 2744 584 2799 te
611 2724 793 2811 emtione,
809 2722 844 2796 δι
858 2722 895 2795 in
908 2736 1080 2795 aternum
1092 2718 1217 2795 foedus
1230 2717 1368 2795 solenni
1382 2721 1698 2822 adsumtione,qua

547 2820 647 2894 Deus
670 2820 839 2914 populum
860 2839 881 2891 e
902 2816 1063 2891 manibus
1078 2815 1229 2893 hostium
1244 2836 1431 2915 ereptum,
1457 2843 1540 2899 cum
1552 2826 1694 2918 publica

542 2916 688 3011 justitia
714 2916 748 2988 δι
771 2912 1287 3009 potentiudemonstratioae,
1317 2917 1354 2991 in
1379 2918 1580 2996 libertatem
1600 2922 1695 2999 adse·

544 3030 686 3104 ruerat,
713 3012 746 3085 &
769 3014 806 3087 in
823 3010 1077 3085 haereditariam
1099 3012 1259 3108 gentium
1271 3012 1513 3105 poffeffionem
1528 3039 1614 3101 mox
1629 3021 1695 3097 im.

543 3110 703 3187 millurus
728 3126 823 3197 erat,
848 3106 946 3187 timul
961 3107 1088 3184 foedus
1103 3122 1293 3197 aternum,
1319 3110 1506 3187 luculentis
1522 3115 1692 3207 promiffis

481 3222 489 3233 ·
543 3209 578 3285 ἃ
595 3208 693 3302 justis
714 3230 755 3281 ac
778 3206 981 3283 salutaribus
1003 3206 1136 3303 legibus
1153 3203 1345 3298 sancitum,
1377 3230 1459 3284 curn
1484 3232 1530 3285 eo
1550 3218 1691 3312 pepige.

541 3321 623 3397 rat,
650 3308 685 3383 in
706 3328 851 3405 quarum
877 3304 1124 3379 observatione
1146 3300 1314 3398 sapientia
1335 3304 1477 3382 &bona
1493 3308 1691 3410 intelligen-

540 3404 589 3479 tia
611 3406 672 3480 lita
693 3420 782 3479 erat.
829 3396 959 3493 Poeta,
982 3401 1207 3497 posteaquam
1224 3400 1260 3475 se
1275 3400 1446 3496 Jehovam
1459 3404 1499 3483 in
1511 3406 1690 3487 raetorum

294 3580 300 3591 ,
541 3501 723 3578 consortio
750 3524 791 3577 ae
820 3514 929 3579 coetu
959 3499 1028 3575 else
1054 3501 1314 3576 celebraturum
1336 3500 1500 3594 dixerat,
1538 3506 1690 3598 primum
1837 3596 1842 3601 ,

268 3634 271 3639 ·
408 3652 411 3657 -
542 3618 666 3699 magna
690 3600 760 3673 Dei
779 3622 893 3695 opera
912 3598 1262 3697 ingenerelaudat,
1285 3596 1366 3673 dein
1389 3600 1431 3691 in·
1450 3598 1566 3691 specie
1584 3604 1689 3697 maie.

539 3694 693 3773 stuosum
715 3696 853 3790 aliquod
875 3696 948 3771 Dei
966 3697 1155 3784 molimen,
1179 3694 1393 3782 mirabilibus
1412 3694 1508 3770 faitis
1523 3699 1687 3792 plenum,

537 3818 719 3891 nunquam
739 3795 1020 3887 obliterandum,
1057 3790 1254 3884 &justitiae
1278 3806 1419 3867 aeternae
1443 3793 1596 3892 fignum,
1629 3820 1689 3871 ex.
1813 3841 1817 3850 .

536 3896 653 3979 tollit,
686 3892 847 3985 quando,
870 3894 1037 3966 timentes
1056 3887 1205 3982 Jehovae
1225 3887 1364 3962 fuiffes
1381 3892 1459 3965 oliis
1477 3892 1626 3984 ditatos,
1652 3896 1688 3971 δι

534 3984 572 4103 in
593 3986 689 4087 spem
708 3988 883 4087 proxima
896 3984 1107 4067 haereditatis
1120 3986 1284 4089 gentium
1297 3985 1351 4065 fui
1413 3987 1600 4082 ommilios,
1614 4012 1689 4088 gra.

1631 4087 1876 4165 tus'-
