3984 5159
519 512 612 612 11⁸
711 477 1532 575 commentaturus

540 683 615 784 git,
641 696 682 757 ut
702 679 773 756 sese
797 675 890 754 artie
907 673 1001 772 apud
1016 669 1164 750 matte‘m
1181 684 1323 763 teneat,
1349 675 1484 748 viribus
1501 691 1576 748 non
1594 655 1701 767 nuit,

542 803 613 859 nec
638 778 687 856 sui
709 778 960 866 sitdominus,
986 775 1046 848 sed
1067 774 1186 848 matris
1206 795 1299 848 cure
1313 769 1347 844 dt
1363 771 1545 845 diresiioni
1562 789 1702 850 morem
1830 843 1837 855 .

543 895 664 978 geram
687 879 792 972 eique
814 873 916 950 fidat:
944 873 993 946 ita
1016 872 1127 967 pietas
1149 873 1275 966 jubet,
1308 868 1431 963 estque
1453 872 1523 944 hoc
1538 873 1702 946 mascula
1745 915 1748 922 =

337 1001 343 1006 ·
409 1025 413 1031 .
540 976 685 1072 pietatis
716 977 901 1069 proprium
924 968 1104 1044 effetum.
1164 991 1197 1064 3.
1222 970 1323 1044 Sicut
1346 964 1463 1057 infant
1482 969 1627 1064 ineptus
1651 965 1702 1042 est

540 1075 588 1148 ad
618 1089 806 1168 parentum
840 1068 1135 1168 gubernationem
1164 1065 1431 1163 percipiendam
1464 1065 1533 1141 &aa
1564 1067 1614 1141 itt
1635 1081 1703 1142 not

545 1169 668 1248 sumus
682 1167 843 1262 respeuu
858 1167 938 1242 Dei.

595 1273 628 1359 §-
649 1263 746 1340 XlV.
772 1265 876 1355 Hanc
894 1263 1003 1340 animi
1023 1261 1259 1340 adsedionem
1284 1283 1367 1338 turn
1380 1261 1498 1336 David
1515 1261 1552 1336 in
1565 1261 1704 1338 calami·

384 1422 389 1428 -
543 1365 675 1442 tatibus
696 1362 872 1459 spirasset,
912 1363 1034 1456 &per
1056 1383 1133 1438 earn
1161 1361 1232 1438 sese
1257 1361 1339 1437 oen
1361 1357 1603 1453 adprobasset,
1637 1379 1705 1435 nec

545 1483 623 1538 non
638 1460 796 1536 salutaria
811 1461 887 1554 ejus
901 1459 1030 1534 effatu
1044 1477 1210 1555 expertus
1227 1457 1364 1534 fuisset:
1370 1461 1450 1550 jure
1460 1460 1590 1534 merito
1602 1459 1706 1534 istae·

544 1559 618 1636 lem
633 1558 696 1634 suo
712 1560 878 1654 exemplo
892 1556 1083 1644 admonet,
1114 1573 1153 1634 ut
1168 1557 1266 1651 spem
1283 1558 1439 1630 collocet
1454 1559 1491 1630 in
1507 1555 1704 1644 Jehovam,
1798 1641 1801 1644 ,

545 1679 634 1734 nunc
654 1657 742 1733 &in
752 1671 966 1754 perpetuum,
989 1653 1082 1730 vers.
1100 1676 1134 1748 3.
1171 1653 1282 1749 Cujus
1296 1653 1551 1728 adhortationis
1568 1651 1705 1729 sensum

544 1773 630 1831 cum
650 1752 701 1833 Ps.
727 1776 830 1832 cxxv:
854 1777 889 1847 γ.
917 1753 1211 1846 explicuerimus,
1239 1750 1420 1846 sequentia
1446 1746 1629 1826 suffecerit
1641 1752 1705 1825 oh

541 1850 705 1929 servasse.
743 1873 775 1927 1.
790 1848 981 1942 Objedium
995 1851 1252 1927 adhortationis
1267 1871 1349 1924 cum
1364 1849 1562 1941 adpellatur
1577 1847 1704 1938 Israel,

543 1969 622 2028 non
642 1949 907 2044 qualescunque
937 1945 995 2034 ad·
1010 1949 1100 2021 hant
1131 1947 1229 2042 spem
1261 1947 1430 2034 excitari,
1470 1944 1529 2020 sed
1552 1967 1706 2040 quorum

541 2044 627 2154 sunt
648 2043 823 2142 promissa,
847 2045 989 2214 {nique
1014 2044 1178 2121 lsraelem
1204 2045 1329 2120 imitati
1347 2043 1381 2117 se
1396 2045 1437 2117 iis
1453 2063 1528 2118 non
1543 2041 1707 2138 praestant

546 2140 723 2237 indignos.
791 2163 825 2216 α.
887 2139 1162 2235 rspeitmonem
1190 2143 1286 2218 iilam
1308 2141 1351 2216 ad
1374 2139 1533 2237 superius
1560 2141 1707 2216 Davidie

543 2237 752 2331 exemplum
773 2237 844 2314 esse
858 2237 1174 2332 conformandam,
1189 2241 1349 2336 adeoque
1367 2259 1449 2313 cum
1463 2239 1583 2314 animo
1600 2236 1635 2312 se
1648 2241 1705 2314 ah

544 2348 722 2434 negante,
750 2334 960 2414 &modesto
974 2338 1108 2414 dehere
1123 2337 1192 2412 esse
1208 2335 1442 2430 conjunnam.
1488 2358 1520 2430 3.
1538 2337 1620 2411 Hoc
1636 2336 1706 2411 ani·

543 2454 608 2510 nto
637 2434 797 2510 israelem
818 2434 889 2509 esst
913 2436 1069 2528 debere,
1091 2439 1231 2530 quoties
1252 2433 1475 2529 in'ejuarnodi
1491 2433 1708 2510 adflidionet

546 2545 611 2606 aut
627 2531 785 2625 pericula
793 2532 969 2608 inciderit
1005 2556 1039 2626 4.
1057 2533 1222 2629 Denique
1239 2549 1377 2608 certum
1394 2531 1463 2606 esse
1480 2531 1576 2626 posse
1593 2553 1708 2626 popu·

404 2635 411 2644 “
544 2626 622 2702 lum
642 2627 714 2706 Dei
735 2628 780 2703 de
802 2629 939 2707 salutari
963 2630 1141 2723 ejusmodi
1154 2627 1422 2726 exspestationis
1439 2626 1575 2722 frusto,
1601 2630 1706 2704 adeo·

639 2728 796 2802 animum
822 2749 898 2802 non
921 2726 1053 2803 debere
1078 2729 1323 2825 despondere;
1353 2728 1420 2802 sed.
1437 2729 1499 2800 sub
1510 2726 1570 2823 spe
1593 2741 1707 2802 cunm

588 2916 597 2932 ‚
623 2905 625 2909 ,
651 2820 748 2994 θεὲ
756 2819 1111 3000 {ffiefflimt
1124 2828 1224 2906 enim
1243 2827 1445 2904 adhortatio
1460 2825 1609 2903 taciturn
1621 2845 1704 2924 pro·

876 3278 880 3288 “
950 3299 1293 3508 *Μὴ

1040 3501 1196 3699 Ψ.
1350 3555 1356 3560 -
