3984 5159
294 625 301 635 .
352 527 427 644 an
489 563 527 640 1²
572 559 680 642 S.A
727 558 760 640 L
807 559 864 646 M.
906 557 1251 682 ,CXLVIl:r,2.
1316 593 1387 678 777
1540 528 1544 534 .

230 751 493 832 oonstrullione
507 746 722 846 interpretes
737 746 951 825 vocabulum
972 779 1045 830 naor
1069 750 1169 832 infin.
1186 776 1321 846 canere,·
1337 775 1400 833 ne,

114 909 115 916 κ
227 855 275 930 de
299 854 540 929 accentuatione
561 850 696 935 dicam,
736 846 819 920 huic
839 869 956 941 pravae
978 848 1157 926 stmaurae
1180 853 1385 930 adcommo-

114 969 115 1032 J
229 954 310 1028 data
323 975 344 1024 a
359 944 592 1035 Masorethis,
616 947 651 1020 dc
673 944 754 1018 inde
770 959 867 1032 orta,
895 955 971 1038 quae
985 969 1051 1022 nos
1068 972 1143 1024 non
1157 951 1301 1048 obligat,
1327 952 1383 1026 ln·

231 1047 322 1124 finit
343 1067 432 1120 vero
451 1071 546 1135 nnn,
570 1043 685 1118 sinon
699 1040 741 1116 fit
754 1043 823 1139 leg.
845 1070 905 1117 nor
926 1067 1045 1121 cumn
1062 1069 1147 1141 para
1170 1069 1227 1144 og.
1239 1096 1252 1137 ,
1269 1071 1384 1127 canere
1530 1070 1532 1075 v

231 1145 283 1220 eil
298 1167 364 1240 pro
382 1144 520 1216 canendo
534 1145 640 1214 canite
649 1167 664 1230 ,·
686 1140 746 1235 qui
760 1137 838 1214 satis
851 1157 956 1216 notus
970 1142 1023 1218 est
1035 1141 1133 1219 insin.
1144 1070 1274 1219 {nsua
1290 1144 1383 1224 Coc-

114 1261 119 1312 r
232 1245 330 1336 caius
345 1241 479 1316 mavult
493 1262 560 1334 pro
572 1240 734 1332 imperat.
750 1235 835 1332 sing,
849 1259 995 1331 capere,
1009 1259 1052 1316 ut
1068 1241 1109 1318 sit
1124 1265 1202 1316 cane
1215 1242 1263 1317 sc.
1277 1265 1384 1317 unuc-

114 1362 118 1418 ;
229 1343 374 1436 quiaque
399 1335 575 1428 vestrum,
613 1335 672 1410 sed
691 1352 779 1408 tunc
801 1335 919 1425 potius
943 1359 1008 1430 per
1026 1337 1162 1434 ellipun
1179 1337 1383 1416 noninsoli-

115 1437 118 1507 Ξ
230 1455 304 1514 tarn
327 1436 426 1510 vocis
440 1438 579 1522 anima,
603 1437 714 1504 anima
725 1451 818 1519 mea,
844 1431 897 1503 uti
913 1431 966 1508 Pr.
980 1455 1099 1510 exeun
1123 1459 1154 1514 1.
1197 1438 1273 1512 *Sed
1285 1439 1383 1532 priua
1427 1475 1432 1478 ·

114 1509 119 1554 ²
230 1535 286 1611 est·
296 1533 444 1608 facilius.
476 1525 674 1604 Confirmat
688 1537 857 1621 praterea
873 1526 1027 1603 nostram
1042 1531 1260 1622 versronem,
1286 1535 1384 1627 quod

114 1641 161 1683 ‘-
230 1631 462 1728 tautologiam
485 1627 634 1720 aliquam
659 1622 784 1718 sapiat,
809 1622 990 1716 ionumefl
1019 1649 1160 1714 canere,
1182 1627 1292 1721 suave
1316 1630 1383 1724 est,
1519 1703 1526 1709 ⁶
1629 1707 1634 1714 Ι

114 1721 118 1810 ἒ
228 1733 343 1808 decora
364 1725 409 1822 est
427 1726 598 1800 laudatio:
625 1743 703 1814 quae
725 1720 879 1808 vitatur,
909 1719 1081 1797 &oratio
1100 1722 1225 1796 reffius
1245 1724 1323 1802 fluit
1337 1750 1385 1803 ex
1558 1763 1563 1773 =

230 1826 350 1906 nostra
379 1818 687 1918 interpretatione.
744 1816 914 1892 Ceterum
943 1839 1026 1892 cum
1051 1821 1096 1894 de
1125 1821 1290 1915 epithetis
1311 1827 1385 1898 boni
1482 1895 1487 1905 ,

114 1991 115 2006 r
230 1927 440 2010 scaranem,
480 1920 561 1992 Deo
587 1915 748 1999 tributis,
773 1914 919 1988 dixerim
939 1918 982 1988 ad
1003 1915 1055 1992 Ps.
1077 1938 1204 2009 cxxxv:
1228 1911 1398 2011 &alibi,·

231 2022 419 2117 epitheton
443 2018 547 2090 decori
568 2010 887 2132 datum-laudationi
899 2012 985 2093 nihil
999 2013 1127 2100 habeat
1141 1999 1308 2109 difficili,
1333 2019 1384 2094 ni.
1456 2110 1461 2119 x

114 2187 116 2198 ,
187 2174 188 2180 1
231 2121 282 2196 lril
303 2101 406 2190 add'o.

114 2287 115 2296 g
280 2212 391 2306 §Vl
421 2211 459 2286 lo
487 2209 735 2307 propofitionis
761 2207 972 2290 dedustione
992 2212 1117 2294 sermo
1137 2216 1301 2316 dirigitur
1322 2238 1383 2291 ex·
1470 2237 1474 2242 ·

232 2309 470 2398 hortatorius,
508 2341 539 2384 e.
557 2311 604 2383 ad
625 2309 765 2403 Judaeos
784 2313 822 2388 in
844 2313 1015 2388 Cananaa
1035 2316 1072 2388 in
1096 2335 1251 2412 genere,
1292 2313 1384 2403 vers.

235 2431 344 2485 nura.
402 2432 437 2482 2.
464 2407 513 2480 ad
541 2406 877 2500 Hierosolymitanos
909 2411 945 2484 in
967 2409 1104 2502 specie,
1133 2410 1225 2488 vers
1249 2432 1383 2488 12-20.

238 2539 268 2585 a.
294 2503 398 2580 Prior
419 2501 534 2578 sermo
551 2525 615 2597 per
633 2504 721 2578 duos
736 2506 903 2582 articulos
921 2508 1098 2596 decurrit3
1122 2530 1279 2602 quorum
1288 2517 1384 2607 prior
1480 2572 1484 2580 .
1588 2479 1592 2489 ’

230 2603 324 2680 uers.
349 2605 433 2678 a··6.
455 2598 631 2707 posterior,
657 2601 744 2674 vers
769 2623 878 2697 με.
904 2603 1255 2696 comprehensusest.
1289 2637 1324 2681 a.
1339 2606 1384 2683 In

226 2710 337 2803 priore
352 2700 520 2796 pericopa
537 2694 765 2772 recensentur
780 2702 818 2774 in
836 2700 1010 2795 principio
1024 2701 1059 2774 ,δι
1073 2698 1144 2776 fine
1160 2699 1334 2780 beneficia
1346 2704 1386 2780 in
1417 2742 1419 2745 .

232 2799 407 2897 populum
433 2796 625 2870 Deinunc
644 2797 801 2885 collata,
835 2798 868 2872 dc
891 2796 1109 2872 interseritur
1132 2798 1300 2874 bonitatis
1321 2822 1385 2893 po·

233 2898 357 2974 tentiae
378 2894 412 2966 δι
434 2890 610 2986 sapientia
635 2893 705 2968 Dei
725 2891 896 2968 conscilio
921 2895 1158 2971 &exaltatio
1209 2919 1241 2971 a.
1263 2893 1385 2970 Prima

169 3033 172 3038 ·
232 3015 312 3092 pars
332 2990 508 3086 pericopa
529 2987 725 3076 memorat,
755 3007 922 3084 tanquam
944 2994 1129 3070 materiam
1150 2994 1184 3068 tr
1207 2994 1385 3072 rationem

232 3087 443 3172 laudationis
459 3085 528 3158 Dei
543 3107 623 3166 cum
639 3085 986 3186 gratiarumastione,
1009 3090 1286 3184 Hierosolyma,
1311 3106 1387 3168 tan·

237 3209 343 3285 quarn
366 3181 624 3277 metropolios,
647 3185 806 3277 adeoque
827 3187 973 3280 populi,
1005 3204 1174 3281 tanquam
1195 3189 1328 3264 civium
1351 3209 1388 3262 e·

237 3288 322 3382 Jns,
353 3275 647 3370 aedificationem,
689 3281 723 3354 ἃ
744 3279 979 3371 dispersorum
1002 3285 1146 3360 adeam
1167 3285 1386 3367 recollectio-

239 3405 351 3468 nem,
386 3375 476 3453 vers.
503 3400 538 3456 a.
570 3373 735 3472 Aedificat
763 3375 1021 3478 Hierofirlymam
1051 3378 1211 3480 Jehooa,
1248 3383 1391 3478 disjesiot

239 3479 374 3556 Israelis
396 3479 536 3571 colliget.
556 3474 593 3547 h.
616 3496 647 3548 e..
674 3493 920 3572 argumentum
943 3479 1015 3556 Dei
1035 3477 1238 3554 celebrandi
1257 3478 1395 3555 haberit

238 3574 481 3662 *uberrimum
506 3570 603 3666 quod
630 3571 729 3652 Deus
755 3574 965 3668 multiplicat
991 3577 1089 3651 cives
1110 3575 1390 3669 Hierosolyma,
1440 3623 1445 3660 3

161 3739 168 3750 .
242 3675 278 3749 dt
308 3669 480 3764 dispersos
509 3667 654 3770 adeam
677 3689 815 3768 congre
839 3685 893 3760 at,
918 3687 960 3748 ut
973 3687 1107 3762 unum,
1132 3674 1166 3747 dc
1187 3674 1393 3768 copiosum,

244 3766 665 3878 constituaot'popmom.
713 3693 898 3860 Aediffiare
915 3769 1221 3864 Hierosolymam,
1246 3771 1395 3850 hicnon

245 3868 317 3958 est,
341 3881 382 3942 ut
400 3886 478 3958 capr
497 3861 607 3954 solet,
631 3864 758 3940 urbem
779 3865 930 3942 dirutam
950 3869 1071 3945 denuo
1082 3867 1284 3960 exstruere,
1310 3869 1397 3960 licet
1477 3897 1481 3905 ·

246 3969 282 4041 dc
303 3963 390 4048 illud
408 3979 571 4056 tempore
594 3962 754 4036 Maccab.
778 3962 872 4037 recle
895 3962 992 4060 poilit'
1016 3987 1061 4040 ex
1084 3982 1184 4061 parte
1209 3965 1397 4060 adplicari,

247 4063 301 4146 uti
325 4083 370 4160 ex
392 4057 535 4158 historia
557 4057 696 4138 constat
717 4059 974 4236 Maccallrvaffiaf}
1007 4061 1068 4141 sed
1089 4065 1400 4163 ciuibusreplere,
