3984 5159
478 555 552 644 ab
623 511 987 650 essem.
1060 529 1249 662 extus.
1358 615 1440 692 ,349

279 763 471 843 relectionis
492 765 723 857 captiuitatis,
747 778 830 835 cum
853 762 1005 854 populus
1021 783 1040 836 e
1057 763 1150 844 teria
1164 769 1223 847 sua
1237 795 1311 851 non
1325 773 1436 853 suerit

282 865 456 938 violenter
470 861 507 934 in
521 862 727 954 Aegyptum
742 858 949 947 translatus,
968 863 1083 936 multo
1098 869 1211 942 minus
1226 879 1435 967 captivitatis
1452 867 1456 874 ’

253 1005 265 1020 ·
287 959 431 1055 Tfieeeis,
456 979 534 1050 quae
554 972 640 1028 tunc
664 956 760 1028 nulla
782 972 869 1028 erat.
915 979 948 1029 e.
971 957 1166 1058 Spirituele‘s
1181 989 1245 1060 per
1260 969 1436 1048 Christum

252 1133 256 1141 ,
280 1060 431 1138 redemtio
453 1056 511 1127 hic
536 1051 608 1125 fine
633 1053 703 1124 ulla
722 1052 860 1125 ratione
879 1054 1105 1142 obtruditur,
1140 1061 1316 1141 &contra
1334 1069 1435 1142 usma-

282 1154 445 1230 tiffimum
465 1150 640 1244 phralios,
671 1150 820 1220 reducere
841 1156 1071 1243 captivitatem
1097 1153 1243 1248 Tfiene's,
1269 1161 1434 1259 significa·

282 1268 379 1327 tum:
407 1272 450 1321 ea
463 1249 558 1320 enim
575 1245 710 1338 phrase,
738 1245 797 1318 vel
810 1243 1045 1336 Babylonica,
1071 1254 1128 1342 vel
1152 1253 1368 1350 Epiphanica
1383 1282 1439 1335 re·

281 1349 440 1431 demtio,
465 1343 523 1416 sed
538 1347 599 1414 illa
614 1339 749 1434 passim,
775 1340 928 1437 infigniri
944 1328 1052 1433 solet,
1077 1365 1119 1422 ut
1135 1356 1266 1428 nemini
1283 1379 1356 1432 non
1373 1379 1437 1430 no·

281 1464 361 1523 tum
383 1439 448 1515 est.
499 1462 533 1532 3.
557 1438 692 1512 Ultima
716 1436 920 1529 Judaeorum
940 1442 1121 1517 translatio
1134 1448 1169 1520 in
1185 1469 1313 1526 terram
1327 1451 1437 1527 Cana-

282 1562 418 1627 naeam,
439 1536 482 1609 de
498 1558 566 1628 qua
579 1536 712 1632 cogitat
727 1555 801 1606 non
816 1553 943 1621 neme,
960 1533 1046 1610 ficut
1059 1541 1160 1624 nollo
1175 1547 1299 1621 nititur
1314 1548 1437 1624 funda·
1484 1607 1488 1614 .

284 1653 411 1716 mento
426 1633 558 1720 solido,
582 1631 631 1705 ita
654 1630 755 1704 nimis
773 1626 824 1700 est
840 1648 997 1716 remota,
1023 1656 1124 1725 quam
1140 1655 1178 1714 ut
1190 1644 1332 1718 immani
1346 1646 1437 1720 saltu

283 1731 532 1825 aBabylonica
553 1728 598 1802 ad
619 1749 697 1801 eam
719 1724 1036 1822 prosilire-censeri
1063 1730 1163 1822 poffit
1188 1757 1314 1830 poeta‘3
1337 1743 1438 1833 phra-

284 1834 346 1920 ses,
360 1830 456 1903 reduc
470 1831 700 1923 captivitatem
714 1822 889 1912 nostram,
908 1825 979 1900 fine
996 1827 1063 1901 ulla
1080 1832 1216 1908 ratione
1234 1837 1276 1908 ad
1292 1857 1369 1912 eam
1385 1860 1438 1912 re·

284 1929 370 2005 strin
395 1928 478 2002 itur.
809 1934 812 1947 '

334 1951 446 2117 §.gill
470 2021 549 2098 Nos
564 2023 681 2117 itaque
695 2019 739 2095 ad
754 2020 910 2115 eiusdem
927 2021 1139 2102 redustionis
1156 2029 1305 2106 diversas
1319 2032 1438 2125 perio·

285 2124 351 2200 dos
380 2124 438 2195 hic
465 2121 588 2194 oculos
610 2119 800 2208 flebimus,
834 2121 868 2192 &
890 2120 978 2195 vers.
994 2146 1028 2210 4.
1054 2125 1098 2197 de
1115 2129 1380 2204 continuatione
1395 2151 1437 2203 ac

285 2219 590 2296 consummatione
607 2217 762 2309 ejusdem
776 2215 1032 2294 instaurationis
1047 2223 1340 2316 interpretemur,
1365 2228 1437 2300 five

285 2319 345 2392 illa
371 2316 413 2391 stt
440 2314 663 2410 Babylonico,
700 2312 775 2386 five
795 2309 1025 2406 Epiphanieo:
1058 2321 1152 2408 quod
1173 2321 1436 2411 quodammodo‘

285 2414 434 2490 dubium
457 2410 521 2484 est.
574 2413 606 2486 i.
631 2409 671 2484 ln
685 2412 767 2483 hene
785 2407 911 2493 cestius
927 2412 1094 2500 quadrare
1109 2417 1251 2488 videtur
1267 2435 1344 2492 tum
1352 2417 1437 2512 seem·

284 2517 451 2586 olentium
483 2509 686 2595 emblema,
720 2520 796 2580 tum
820 2503 975 2600 phrasrs,
1008 2507 1106 2588 Deus
1129 2533 1249 2605 magna
1268 2513 1437 2606 prestitit.

285 2607 527 2683 Somniente'um
542 2603 721 2692 conditio,
746 2625 848 2697 quam
864 2601 1010 2675 reduces
1024 2603 1084 2676 fibi
1100 2623 1240 2697 aptant,
1263 2608 1355 2681 haud
1371 2611 1436 2704 ob-

285 2705 388 2783 scure
409 2703 546 2790 innuit,
577 2700 825 2774 liberationem
841 2699 935 2771 illam
949 2698 1011 2772 fibi
1024 2722 1091 2774 nec
1105 2702 1331 2794 opinantibus
1345 2707 1436 2780 acci·

286 2802 396 2891 diffe,
420 2802 455 2874 de
467 2799 545 2873 fere
559 2795 803 2872 incredibilem
820 2792 920 2870 fuisse
936 2795 1064 2872 visam:
1081 2801 1175 2889 quod
1190 2823 1209 2872 a
1223 2801 1436 2892 reducibus,

285 2900 347 2994 qui
362 2911 475 2970 certas
489 2895 533 2968 de
553 2916 596 2968 ea
610 2893 787 2966 habebant
801 2889 1042 2984 praedictiones
1061 2897 1097 2968 in
1117 2899 1295 2987 manibus,
1320 2901 1438 2974 videri
1477 2917 1480 2925 '

225 2986 229 2996 '
339 2993 402 3067 siet
423 2993 528 3085 paulo
550 2991 714 3065 alienius:
741 2988 843 3076 dein,
869 3009 949 3062 cum
970 2989 1068 3064 Deus
1084 2994 1214 3085 majora
1227 2997 1333 3092 longe
1349 3021 1438 3090 prae·

313 3091 410 3167 iterit
428 3088 656 3174 Maccabeis,
682 3107 784 3177 quam
803 3083 988 3160 reducibus
1005 3109 1049 3160 ex
1065 3088 1212 3179 Babel'e,
1239 3093 1437 3185 depluens,

282 3189 385 3263 Deus
410 3209 532 3280 magea
546 3183 655 3276 feeit,
691 3179 733 3254 s1t
752 3182 853 3254 valde
876 3183 1098 3278 emphatica,
1125 3188 1245 3281 utique
1269 3212 1341 3262 non
1362 3187 1438 3262 fine

283 3288 423 3361 ratione
446 3283 491 3354 de
508 3279 721 3352 Meeeabaiea
735 3278 809 3372 quis
824 3279 1034 3376 cogitaverit
1051 3282 1273 3359 liberatione.
1313 3284 1381 3358 Sed
1391 3285 1436 3358 de

282 3380 502 3473 ‘Babylonica
529 3379 634 3470 longe
665 3373 872 3450 ufiutiffima
892 3376 1019 3466 p'nrafis
1041 3378 1111 3468 est,
1135 3403 1235 3474 aqua
1256 3381 1436 3455 discedere

284 3477 359 3552 fine
382 3488 531 3572 urgente
552 3469 753 3546 necessitate
767 3493 841 3546 non
856 3471 952 3546 licet.
1005 3473 1139 3552 Verum
1154 3478 1294 3570 quidem
1309 3475 1377 3566 est,
1402 3477 1439 3554 dt

277 3575 520 3673 somniantium
536 3569 729 3658 emblema,
753 3567 786 3639 dt
801 3567 958 3660 phrasin,
973 3593 1093 3665 magne
1103 3571 1256 3668 prestere
1267 3625 1282 3664 ,
1293 3573 1330 3649 in
1340 3575 1439 3650 Mac·

287 3671 432 3747 cabaica
450 3685 610 3757 tempora
633 3687 736 3757 quam
751 3661 918 3757 aptiffime
933 3669 1149 3761 convenire3
1176 3669 1233 3744 sed
1248 3695 1268 3746 a
1283 3669 1372 3746 statu
1386 3693 1444 3746 re·

288 3771 424 3844 ducum
444 3785 491 3837 ex
512 3762 638 3835 babele
655 3782 798 3855 quoque
822 3783 894 3835 non
917 3762 1104 3854 abborret3
1122 3785 1178 3839 »ut
1201 3791 1286 3843 mox
1308 3770 1441 3845 videbi·

291 3886 389 3940 mus:
416 3860 566 3934 maxime
580 3857 604 3930 st
620 3860 880 3947 observavero,
895 3858 1031 3954 phrasin
1047 3883 1123 3954 eam
1141 3885 1185 3935 ex
1192 3861 1251 3959 spe
1269 3867 1442 3942 reducum

293 3960 405 4054 magis
425 3953 525 4029 suill'e
546 3970 682 4042 ortam,
708 3976 812 4050 quam
837 3977 882 4027 ex
905 3957 1073 4050 praesente
1096 3959 1238 4035 exulum
1258 3959 1371 4052 statu,
1402 3964 1440 4038 in

298 4055 406 4134 initio
418 4052 569 4129 reditus:
594 4051 641 4126 de
656 4073 728 4148 quo
742 4052 780 4128 in
797 4051 1034 4220 efflicatione
1051 4053 1218 4135 dicemus.
1311 4151 1344 4230 V
1375 4150 1412 4229 N

239 4169 244 4179 ’
865 4170 935 4247 ¹3
1245 4155 1355 4245 bl·
1413 4172 1455 4242 0‘.
